2717 4600
430 171 762 241 x'·¹75“'

111 354 291 411 cessitatem
321 360 454 430 ponere,
488 341 603 427 parum
631 344 733 406 decet.
776 342 880 404 Aliter
904 354 1016 407 tamen
1041 353 1142 408 sentit

110 436 313 494 Hermannus
340 434 393 491 De
414 430 540 491 amend.
570 441 629 490 rat.
652 449 698 514 gr.
718 449 761 510 gr.
778 449 811 511 p.
832 430 883 491 22.
913 441 946 491 et
973 434 1009 489 in
1023 433 1141 496 ‹Praefi

24 512 28 522 ⁴
111 519 149 578 ad
167 518 266 599 Orph.
286 536 317 598 p.
337 514 396 575 IX.
457 563 462 567 .

153 636 156 643 ⁸
189 664 221 708 v.
243 638 317 704 308.
359 641 466 703 Schol
487 638 531 700 A=
552 635 585 700 ἐκ
604 638 665 699 τῶν
686 631 719 698 τ’
740 632 812 698 δέκα
827 625 903 715 ἦσαν
924 637 958 698 αἱ
977 634 1146 720 ἡγούμεναι,

108 723 141 785 αἱ
160 720 313 807 βελτίονες.
355 727 452 786 Falsa
482 745 599 807 nempe
627 734 678 784 est
704 722 868 791 Schuetzii
885 731 1056 800 sententia,
1085 725 1147 788 Ae·

107 808 256 889 schylum
280 811 393 869 CCCX
418 831 516 873 naves
544 829 723 881 numerare,
757 808 814 868 sed
837 803 928 876 δέκας
955 831 1029 869 cum
1055 807 1148 871 τοῖνδε

109 907 144 954 et
161 891 251 975 χωρὶς
272 890 405 974 ἔκκριτος
427 899 547 973 conjun
568 913 621 952 era
642 903 781 973 oportet,
804 892 838 951 id
865 892 953 971 quod
975 897 1148 957 verborum

108 979 223 1039 ordina
248 977 491 1057 demonstratur.
533 915 648 1054 deque
678 976 772 1035 aliter
793 972 927 1055 ἔκκριτος
955 981 992 1036 in
1016 999 1148 1040 sensum

108 1066 194 1123 bene
215 1061 362 1140 quadrat.
408 1063 583 1121 Trecentas
609 1068 738 1118 tantum
765 1080 864 1122 naves
889 1059 989 1121 tradit
1009 1059 1149 1143 Aeschy-

107 1148 161 1206 lus
183 1145 319 1205 classem
342 1146 498 1204 Graecam
518 1143 696 1224 amplexam
717 1164 796 1203 esse.
838 1141 954 1222 Aeque
973 1166 1010 1203 ac
1029 1145 1151 1208 Schue-

109 1235 194 1293 taius
224 1233 342 1290 erravit
370 1229 550 1298 Stanlaius,
587 1230 710 1308 quippe
734 1231 793 1305 qui
814 1227 906 1298 mille
935 1226 1091 1289 ducentas
1118 1242 1152 1292 et

111 1325 236 1395 septem
259 1332 358 1373 naves
371 1313 515 1372 Persicas
539 1321 714 1455 comfutat,
730 1315 844 1372 merito
864 1318 931 1393 jam
949 1313 1110 1375 refutatus
1132 1337 1154 1376 a

113 1397 321 1458 Blomiieldio
341 1400 379 1454 in
397 1396 502 1455 Gloss.
524 1416 556 1457 v..
581 1393 601 1456 3
623 1392 654 1456 8.
952 1424 956 1428 ·
1002 1412 1005 1423 '

196 1501 294 1563 Ναῶν
315 1525 352 1563 er
370 1514 447 1566 vett.
471 1503 668 1583 editionibus
691 1512 733 1576 et,
752 1502 840 1580 quod
862 1503 1036 1565 erButleri
1055 1507 1153 1568 colle·

114 1592 220 1671 gimus
249 1588 391 1658 silentio,
423 1588 571 1668 plurimis
609 1583 700 1647 codd.
736 1609 811 1646 cum
840 1585 929 1648 Pors.
961 1589 1153 1652 reduximus.

56 1674 57 1677 ’
114 1674 262 1733 Formam
284 1673 356 1730 νεῶν
376 1673 501 1731 scilicet
521 1675 623 1751 magis
642 1667 796 1741 Atticam,
823 1672 881 1730 ubi
908 1692 976 1732 non
997 1694 1155 1754 repugna·

114 1757 172 1815 bat
191 1764 340 1825 metrum,
362 1775 416 1816 sae
440 1755 735 1829 edissentientibus
750 1756 842 1814 libris
861 1758 1066 1818 introducere
1082 1764 1154 1819 ausi

112 1848 191 1899 sunt
219 1840 367 1899 editores.
416 1778 561 1911 liifferre
588 1843 739 1920 tragicam
777 1838 816 1898 ad
853 1845 964 1919 opicae
992 1844 1153 1924 exemplar

113 1922 348 1990 conformatam
371 1924 545 1982 dialectum
569 1920 609 1983 ab
655 1945 713 1982 ura
730 1923 789 1983 illa
810 1920 917 1984 Attica
938 1927 1084 1987 nondum
1104 1949 1155 1989 sa·

112 2011 156 2065 tis
175 2020 391 2089 perceperunt
411 2011 520 2068 animo
547 2007 613 2068 viri
630 1945 729 2094 docti.

197 2153 228 2194 v.
251 2128 324 2192 311.
368 2133 420 2191 De
457 2142 630 2211 anapaesto
662 2129 760 2189 huius
787 2152 899 2193 versus
925 2129 1033 2194 ἑκατὸν
1065 2137 1153 2198 conf.
1210 2133 1215 2141 ’

114 2236 203 2291 quae
230 2217 361 2295 exponit
389 2215 499 2302 Herm.
535 2218 572 2272 in
601 2212 704 2275 Praef.
737 2215 778 2275 ad
804 2216 917 2298 Eurip.
947 2218 1089 2278 Bacchas
1124 2243 1156 2302 p,
1192 2281 1197 2297 ‚

113 2297 222 2443 {ff
242 2330 285 2344 -
327 2299 380 2359 De
397 2291 556 2380 προγόνων
579 2302 617 2357 in
643 2318 676 2365 v.
700 2293 762 2365 373
790 2300 865 2362 vide
890 2302 1000 2366 Herm.
1023 2305 1047 2365 l.
1072 2326 1099 2365 c.
1121 2326 1155 2386 p.

201 2512 233 2555 v.
253 2488 326 2552 312.
371 2490 560 2571 Legendum
583 2495 768 2552 censuimus
782 2513 856 2552 cum
877 2487 1019 2575 optimis
1029 2504 1062 2553 ct
1080 2515 1157 2578 pae-

113 2591 162 2646 ne
185 2576 335 2636 omnibus
355 2576 465 2635 libris:

244 2656 245 2659 ¹
289 2666 351 2747 Μή
373 2693 423 2732 σοι
443 2667 587 2753 δοκοῦμεν
605 2667 676 2765 τῇδε
694 2669 855 2751 λειφθῆναι
871 2668 951 2764 μάχῃ
957 2696 967 2748 3

113 2781 214 2860 Quae
233 2785 391 2862 scriptura
413 2793 462 2845 est
481 2788 579 2843 etiam
599 2788 769 2863 utriusque
788 2783 997 2845 scholiastae.
1042 2784 1082 2844 At
1099 2808 1158 2867 pro

92 2860 269 2939 -δοκοῦμεκ
286 2866 457 2936 Heathius,
479 2869 667 2938 Brunckius,
694 2868 882 2928 Schuetzius
909 2880 942 2927 et
958 2868 1100 2930 Botheus
1122 2892 1160 2930 er

114 2948 231 3007 Guelf.
259 2942 390 3025 δοκῶμεν
418 2963 609 3014 sumserunt.
652 2953 819 3012 Immerito
845 2952 1001 3033 profecto.
1045 2955 1161 3032 Neque

111 3036 231 3106 minus
258 3037 517 3114 interrogationis
547 3040 686 3114 signum,
710 3036 800 3113 quod
826 3041 863 3094 in
885 3038 968 3098 Vict.
999 3043 1042 3099 et'
1057 3040 1159 3099 Turn.
1184 3108 1186 3112 ¹

111 3119 310 3196 reperimus,
342 3121 378 3175 in
405 3117 501 3176 colon
521 3130 697 3178 mutarunt.
739 3121 896 3179 Miramur
923 3133 1031 3181 autem
1061 3143 1161 3198 quam

112 3204 270 3270 maxime,
294 3199 382 3278 quod
401 3199 568 3271 HoathiuS,
590 3214 628 3262 ut
654 3207 862 3283 conjunctivo
886 3204 1031 3266 favorem
1054 3209 1163 3264 conci-

110 3285 228 3352 liaret,
248 3283 341 3344 dixit:
369 3306 429 3354 „ex
449 3295 607 3363 sequente
627 3280 706 3345 ἀλλὰ
730 3289 940 3347 manifestum
958 3311 1036 3363 esse,
1062 3284 1099 3347 τὸ
1121 3284 1161 3365 μὴ

111 3368 151 3426 h.
174 3368 197 3427 1.
229 3386 297 3427 non
321 3372 547 3449 interrogative
576 3372 633 3431 sed
653 3376 801 3451 negative
822 3376 937 3453 poni.“
979 3373 1054 3453 Quo
1082 3372 1163 3450 quid

113 3452 293 3511 absurdius
317 3457 370 3514 vir
397 3459 566 3535 excogitari
593 3466 706 3536 potest.
749 3457 868 3515 Contra
886 3455 1085 3516 Blomfieldii
1107 3478 1164 3515 an·

113 3541 250 3596 notatio
280 3549 331 3596 ost
356 3543 495 3619 egregia:
525 3533 677 3617 »δοκοῦμεν
700 3539 839 3599 Brunck.
867 3540 993 3600 Schutz.
1023 3546 1095 3601 sine
1109 3546 1164 3600 in·
1232 3559 1235 3564 ·

110 3624 357 3699 terrogatione,
390 3643 489 3700 quam
517 3641 584 3681 non
618 3634 796 3706 agnoscunt
829 3622 987 3682 aditiones
1017 3626 1085 3702 (hic
1115 3636 1165 3686 est

115 3705 236 3778 error),
257 3706 314 3765 sed
336 3725 421 3783 quae
439 3710 475 3764 in
493 3704 678 3767 huiusmodi
699 3707 848 3766 formulis
867 3728 994 3789 semper
1016 3710 1164 3770 adhiberi

115 3784 233 3847 debet.
277 3787 369 3850 Plato
390 3791 539 3871 Rep.1V
562 3791 641 3869 (imo
664 3792 708 3867 V)
728 3811 761 3893 Ρ
783 3784 845 3850 486
871 3784 910 3867 μή
937 3812 998 3852 που
1020 3789 1165 3871 δοκοῦμέν

114 3885 177 3930 σοι
200 3866 256 3930 οὐκ
271 3867 425 3952 ἀναγκαῖα
444 3872 556 3946 ἕκαστα
578 3869 797 3956 &ciriatorum
816 3879 863 3936 sic
885 3881 973 3938 enim
989 3877 1169 3957 legendum-
