2717 4600
495 198 765 262 ...97-

111 371 256 430 acumini
277 366 421 429 debetur.
464 369 506 428 In
532 370 633 431 libris.
646 379 747 430 ersten
766 364 930 449 ξυμφέρειν,
953 372 1040 450 quod
1058 392 1150 434 revo-

111 457 265 535 cavimus.
310 448 472 534 Ξυμφέρειν
503 475 581 516 vero
614 453 721 514 valetz
754 460 952 534 „conjuncta
984 477 1082 535 opera
1111 462 1149 519 in

107 536 251 601 medium
270 536 449 616 preferre.“
490 537 568 598 Post
586 531 776 617 βουλεύματα
802 560 930 601 comma
948 549 1075 603 tantum
1092 562 1150 619 pe·

110 620 264 701 nendum,
287 641 364 701 nam
385 627 558 703 sequentia
577 622 825 703 explicationem
848 622 1047 685 emansorem
1074 622 1150 705 βου-

107 696 271 781 λευμάτων,
292 706 404 783 qualia
424 710 502 779 sint,
524 711 706 766 continent.
770 742 780 757 .

192 843 224 882 v.
247 814 321 882 499.
371 822 516 885 Pessime
540 822 732 883 Sohaemus
760 823 870 904 lapsus
898 834 948 884 est
975 828 1013 883 in
1040 823 1092 885 ed.
1115 824 1148 884 2.

106 897 285 982 πρόσθηται
306 927 380 965 cum
401 912 530 988 passive
558 911 735 989 acciperetr
761 907 944 978 „Nerone
972 907 1025 969 hie
1052 908 1148 969 malie

45 990 46 993 ’
109 988 199 1048 aliud
227 994 360 1071 insuper
387 992 510 1053 malum
538 990 708 1053 addaturss‘
758 992 859 1053 Recte
885 995 1055 1052 tamenin
1078 990 1148 1052 edd.

109 1071 138 1137 1.
160 1071 192 1135 3.
215 1073 305 1134 hunc
325 1074 434 1135 locum
457 1072 603 1155 explicat.

191 1201 222 1243 v.
245 1180 317 1242 500.
363 1180 569 1262 Quamquam
593 1181 720 1257 codices
749 1187 891 1264 optimae
914 1195 1011 1249 notes
1037 1205 1149 1265 paroe-

107 1268 247 1323 miacum
269 1264 422 1346 produnt,
444 1282 464 1325 a
485 1271 605 1345 quoin
629 1266 751 1326 fabulis
773 1267 959 1350 Euripideis
983 1269 1147 1331 interdum

108 1353 292 1426 systematis
314 1354 446 1411 initium
472 1350 521 1419 fit,
552 1370 703 1412 veremur
728 1360 850 1420 tamen,
872 1357 899 1411 is
926 1373 996 1410 mos
1025 1363 1064 1411 ut
1083 1350 1147 1410 Ae-

108 1432 214 1509 schyli
235 1436 287 1491 sit.
328 1431 480 1513 Namque
499 1434 566 1495 tale
587 1434 669 1512 quid
689 1433 854 1515 Euripidis
875 1436 1002 1497 levitati
1024 1456 1147 1495 accom-

108 1515 272 1573 modatum
297 1527 397 1577 certat
416 1539 489 1576 cum
510 1516 661 1596 Aeschyli
683 1521 856 1578 severitate
879 1531 912 1578 et
933 1522 1144 1579 continentia.

109 1596 201 1656 Nihil
220 1600 283 1657 sibi
304 1600 440 1660 indulsit
459 1613 555 1682 poeta
585 1613 705 1672 noster,
732 1602 820 1680 qnod
846 1623 979 1684 pravum
1002 1613 1035 1661 et
1056 1606 1146 1661 iuve-

109 1692 241 1742 nustum
269 1705 339 1743 esse
362 1694 395 1743 et
419 1705 510 1744 eures
540 1686 635 1744 tritae
663 1696 697 1744 et
718 1706 842 1755 sensus,
871 1707 936 1764 quo
965 1684 1045 1763 quid
1074 1685 1146 1766 pul·

108 1763 221 1825 chrum
235 1768 315 1846 quid
328 1768 461 1826 foedum
477 1773 520 1828 sit
536 1772 744 1851 percipimus,
757 1779 865 1850 aperte
880 1768 1007 1829 docent.
1037 1767 1145 1848 Quem

107 1846 233 1909 obrem
253 1856 282 1909 si
304 1845 375 1909 ἀλλ’
397 1857 506 1911 minns
520 1853 604 1913 bene
626 1851 759 1913 defendi
779 1863 897 1933 posset,
917 1863 954 1913 ut
965 1856 1144 1935 paroemia·

106 1945 180 1992 cum
202 1938 388 2008 vitaremus,
409 1935 519 1997 locum
535 1942 582 1996 ita
604 1937 845 1997 excuderemus=

299 2019 339 2087 iz
360 2032 419 2090 Ζεῦ
441 2027 571 2112 βασιλεῦ,
589 2034 651 2091 τῶν
666 2025 858 2110 μεγαλαύχων
927 2062 934 2075 .

304 2111 357 2173 καὶ
372 2109 572 2195 πολυάνδρων
592 2111 735 2191 στρατιὰν
754 2109 872 2184 ὀλέσας.

103 2208 187 2268 Nam
208 2210 339 2290 Περσῶν
357 2210 494 2270 fortasse
516 2231 553 2271 er
575 2212 766 2291 glossemate
792 2210 947 2278 additum,
974 2214 1027 2269 cui
1054 2212 1144 2273 insu·

41 2296 44 2302 '
104 2315 163 2373 per
194 2292 234 2354 ad
260 2297 500 2374 paremniacum
533 2294 725 2376 explendum
760 2295 812 2355 νῦν
837 2293 1012 2355 admissum
1041 2306 1141 2355 esset.

95 2379 226 2444 ‚Verum
247 2372 300 2455 μὲν
319 2400 393 2438 cum
416 2380 604 2442 Hermanno
627 2379 767 2458 aliisque
788 2383 980 2442 interserere
1000 2389 1142 2459 propter-

104 2482 143 2521 ea
162 2462 335 2534 nollemus,
356 2463 445 2539 quod
468 2484 507 2523 ea
525 2464 683 2545 particula
713 2463 822 2524 addite
848 2464 1002 2524 orationis
1030 2465 1080 2522 vis
1108 2472 1143 2521 et

101 2547 201 2606 robur
227 2546 259 2606 h.
283 2546 306 2605 l.
337 2550 546 2607 tabescerent.
583 2545 626 2606 At
654 2545 726 2608 edd.
754 2548 839 2610 duae
866 2556 910 2615 et,
940 2566 977 2604 er
997 2566 1065 2622 quo
1086 2543 1142 2603 hic

102 2631 274 2688 marimum
294 2634 437 2707 capimus
455 2630 609 2700 fructum,
632 2630 739 2690 Schol.
762 2631 797 2693 C.
817 2623 893 2711 ἀλλῖ
912 2632 949 2687 in
968 2631 1066 2688 initio
1084 2648 1141 2708 po-

102 2718 201 2772 situm
221 2713 388 2794 praebent.
434 2713 543 2772 Etiam
567 2714 608 2773 H.
636 2713 745 2794 Steplr.
766 2734 839 2772 cum
868 2711 976 2770 ezei
999 2731 1057 2791 pro
1085 2730 1141 2771 rr·

101 2801 150 2854 ria
168 2793 312 2876 proferat
328 2795 479 2868 lectione,
499 2798 631 2857 alteram
652 2800 690 2855 in
711 2796 803 2855 libris
828 2817 863 2854 se
884 2798 1050 2855 invenisse
1067 2814 1141 2876 pro·

103 2878 161 2937 dit.
207 2879 281 2958 Quo
301 2878 426 2938 factum
446 2891 503 2953 est,
523 2891 561 2940 ut
581 2875 653 2942 ἀλλ’
672 2885 847 2959 genuinam
867 2900 939 2939 esse
963 2878 1139 2937 lectionem

103 2982 317 3021 censeremus.
359 2962 423 3022 Sed
443 2964 622 3045 periculum
643 2963 813 3034 faciamus,
834 2966 986 3022 omissam
999 2965 1139 3041 particu-

102 3047 167 3104 lam
190 3056 229 3104 ut
248 3045 450 3126 explicemus.
496 3049 578 3106 Cum
595 3050 775 3129 antiquitus
804 3067 874 3106 mos
901 3055 987 3107 esset
1014 3048 1051 3102 in
1076 3045 1140 3103 ini·

101 3135 149 3191 tio
170 3150 242 3187 cum
264 3128 422 3188 librorum
441 3139 512 3188 tum
533 3132 714 3189 sectionum
730 3140 766 3206 et
794 3133 935 3210 partium
957 3148 1067 3187 eorum
1087 3145 1139 3185 co-

101 3214 225 3273 loribus
255 3209 432 3294 depingere
457 3222 490 3272 et
519 3217 668 3275 inaurare
694 3212 819 3274 litteras
846 3211 1000 3283 initiales,
1029 3231 1082 3268 eas
1105 3221 1138 3269 et

102 3319 216 3362 vocem
236 3301 350 3378 ipsam,
369 3300 397 3354 si
417 3297 525 3357 brevis
549 3306 643 3367 esset,
665 3317 685 3354 a
707 3297 819 3364 scribis
840 3299 947 3358 omitti
969 3299 1137 3353 consenta-

91 3381 201 3442 neum
221 3381 297 3453 fuit,
318 3391 356 3439 ut
373 3391 486 3462 postea
506 3380 626 3439 lacuna
645 3401 662 3438 a
680 3380 857 3460 pictoribus
881 3389 914 3441 et
934 3380 984 3450 iis,
1007 3380 1066 3455 qui
1086 3381 1137 3434 in·

102 3466 270 3535 aur-abant,
294 3464 481 3545 expleretur.
522 3463 586 3524 Sed
604 3462 677 3532 fieri
697 3467 813 3543 potuit,
833 3473 871 3520 ut
890 3464 1016 3542 pictura
1037 3472 1070 3519 et
1087 3463 1137 3518 in-

59 3597 61 3604 .
102 3552 226 3610 auretio
247 3549 471 3629 negligeretur.
513 3547 586 3627 Qua
609 3568 645 3607 re
665 3547 783 3606 lacuna
803 3548 932 3603 mansit.
976 3541 1083 3623 Atque
1101 3543 1137 3604 id

101 3634 266 3693 inlocum
287 3643 432 3692 nostrum
453 3651 491 3692 eo
512 3634 616 3716 magis
636 3630 749 3690 cadere
770 3626 909 3698 videtur,
931 3647 996 3704 quo
1016 3631 1135 3700 minus,

96 3716 190 3793 ¹quod
211 3716 254 3778 ad
270 3718 575 3798 sensumpertinet,
596 3708 669 3774 ἀλλ’
690 3712 793 3774 semel
813 3711 958 3791 elapsum
976 3710 1135 3772 desidera-

93 3800 205 3860 ,betun
246 3801 320 3861 Non
341 3800 488 3863 videmur
510 3820 596 3882 ergo,
615 3798 698 3880 quid
721 3801 765 3859 sit
793 3794 986 3864 offensionis
1012 3799 1050 3855 in
1073 3794 1134 3868 tali

100 3902 227 3944 Voltus*
296 3933 300 3944 .
568 3895 571 3902 ’
1013 3893 1017 3912 ⁵
