2717 4600
496 178 811 247 “.““Ῑ’71“““

109 354 131 414 l
159 353 405 415 nulla'ritiono
428 350 649 434 feni-‘potest
704 349 801 432 Quod
828 354 917 410 enim
945 349 1044 411 edixit
1064 350 1147 411 Her·

110 459 249 499 mannus
270 435 310 497 ed
330 438 400 518 vig.
419 457 451 517 p.
472 430 545 498 846.
566 438 758 518 panlculam
771 427 813 493 ›di
832 439 870 494 in
889 438 1147 515 interrogationi·

109 524 181 593 bus,
198 541 380 604 praegresso
402 522 503 585 verbo
532 542 598 599 quo
619 522 694 582 tolli
714 520 863 584 videatur
887 517 983 580 buius
1007 524 1148 600 particu-

108 607 162 666 lae
180 609 353 666 necessitas
374 607 455 682 (imo
478 609 605 665 occasio
623 607 688 676 vel,
708 609 737 664 si
758 608 856 666 venia
875 605 984 678 verb0,
1010 605 1148 684 possibi-

107 688 209 765 litas),
226 695 307 771 poni
324 691 439 760 solere,
461 700 495 749 et
515 693 587 749 sine
605 699 791 770 argumento
805 692 1011 769 *propositum
1032 699 1090 758 est,
1113 699 1147 746 at

106 778 233 834 ratione
255 785 351 834 caret.
393 775 488 834 Certe
508 794 609 853 quem'
620 786 748 854 praeter
762 783 907 831 nostrum
927 774 976 831 ibi
989 773 1147 831 Herman-

69 854 72 863 ’
107 878 170 918 nus
192 862 456 920 commemoravit
475 856 593 931 locum,
617 858 715 938 longe
737 878 756 917 a
784 866 899 916 nostro
915 855 1060 919 diversus
1087 866 1146 917 est.

107 943 161 1000 lbi
182 945 271 1001 enim
292 963 377 1021 quae
397 941 663 1023 praegrediuntur
686 942 777 1002 nullo
799 942 896 1000 modo
920 963 993 1000 cum
1017 935 1051 998 δὲ
1072 960 1148 999 con-

107 1031 197 1086 necti
218 1035 366 1107 possunt,
391 1026 450 1086 sed
476 1047 535 1106 per
557 1018 594 1086 se
614 1029 773 1104 integram
801 1025 1058 1115 absolutamque,
1072 1046 1148 1083 con·
1178 1034 1181 1039 ’

106 1114 251 1175 stituunt
272 1114 540 1171 enuntiationem.
584 1109 702 1187 ltaque
724 1103 757 1166 δὲ
779 1109 871 1166 nulla
888 1113 1015 1171 ratione
1037 1109 1148 1171 abesse

106 1205 226 1274 posset.
266 1193 328 1255 Sed
350 1205 387 1253 ut
408 1196 473 1274 ipsi
492 1191 640 1271 judicent
665 1194 814 1262 lectores,
842 1191 951 1253 locum
978 1192 1147 1273 adscripsi-

108 1299 201 1338 must
228 1277 309 1345 Oed.
333 1278 402 1338 Col.
426 1298 457 1338 v.
478 1273 578 1339 11322

259 1383 313 1442 troi
330 1403 379 1443 τοι
395 1384 427 1442 τί
446 1384 554 1460 aar&
575 1382 641 1453 πῶς
661 1376 701 1449 δ’,
723 1379 760 1442 ἂν
781 1377 889 1452 dulsos
908 1378 1002 1461 γεγὼς

260 1471 355 1539 euzo
376 1462 538 1546 θελήσαιμ’
555 1461 676 1549 ἀνδρός,
689 1457 725 1548 -ᾦ
746 1487 790 1539 τις
812 1463 867 1528 οὐκ
882 1466 926 1528 ἔνι

262 1545 344 1629 κηλὶς
363 1554 463 1612 κακῶν
484 1546 636 1628 ξύνοικοςς

196 1694 227 1737 v.
247 1668 320 1737 304.
357 1677 509 1738 'Editores
529 1683 726 1753 recentiores
739 1678 861 1738 'omnes
882 1669 1013 1756 ξυνάψαι
1038 1680 1150 1740 subro-

110 1768 236 1839 garunt,
258 1765 379 1843 quippe
399 1766 458 1839 qui
479 1784 516 1822 er
534 1767 813 1844 grammaticorum
832 1772 980 1823 veterum
1006 1767 1151 1824 testimo·

110 1846 168 1902 nio
187 1845 272 1921 ruale
293 1845 459 1906 intellecto
477 1846 632 1927 pendent.
666 1847 717 1912 Cf.
738 1868 823 1927 quae
845 1845 885 1905 de
906 1847 968 1905 hac
988 1868 1023 1906 re
1042 1846 1151 1929 dispu-

107 1931 194 1987 tavit
212 1929 331 2008 Reisig.
352 1933 389 1988 in
410 1931 554 2008 Conject.
576 1952 609 2013 p.
629 1929 703 1993 300.
750 1931 792 1988 ln
816 1930 1014 1991 editionibus
1033 1935 1150 1993 veteri-

107 2011 172 2068 bus
194 2006 329 2089 συνάψαι
351 2013 528 2088 exhibetur,
556 2014 645 2091 quod
668 2014 861 2087 reduximus,
892 2034 967 2073 cum
994 2027 1066 2075 utra
1085 2016 1150 2076 for·

105 2098 220 2152 main
239 2096 404 2157 codicibus
425 2101 469 2156 sit
486 2102 680 2158 nesciamus.
724 2095 876 2156 Attamen
897 2102 934 2165 in
956 2098 1056 2158 Stanl.
1081 2119 1151 2160 συν-

106 2170 192 2256 άψαι
212 2181 387 2239 invenitur.
410 2210 453 2224 -
473 2181 525 2238 De
546 2175 674 2240 cobesa
695 2179 780 2239 conf.
799 2191 910 2239 notam
931 2180 1019 2243 adv.
1038 2176 1111 2248 247.

194 2324 225 2365 v.
247 2299 319 2364 305.
360 2302 403 2361 In
422 2304 637 2398 vulgataloci
657 2308 907 2369 constitutionez

236 2404 388 2487 Πλήθους
407 2404 460 2490 μὲν
482 2407 520 2472 ἂν
541 2404 619 2489 σάφ’
639 2405 712 2471 ἴσθ’
733 2411 823 2489 ἕκατι,
845 2406 1019 2496 βαρβάρους

218 2491 326 2556 ‘moi
347 2497 504 2580 spurious
630 2517 634 2522 ·

106 2635 187 2674 cum
206 2613 313 2692 quoad
335 2634 467 2674 sensnm
498 2613 548 2672 nil
566 2597 723 2684 offendat,
754 2613 894 2675 offendit
919 2610 1030 2675 tarnen
1054 2623 1152 2698 parti-

106 2698 206 2757 culae
225 2692 263 2756 d'v
283 2697 464 2758 collocatio.
507 2695 593 2758 Nam
613 2719 652 2758 ea
670 2699 944 2782 particulaxquod
973 2700 1013 2759 ad
1035 2702 1152 2782 epodo·
1257 2711 1259 2718 ‘

105 2787 166 2841 sin
186 2782 311 2841 scilicet
331 2781 371 2841 ad
391 2782 491 2843 verba
509 2777 599 2850 ναυσὶ
628 2784 779 2862 κρατῆσαι
810 2787 963 2864 pertinet,
988 2788 1024 2842 in
1043 2786 1151 2846 media

49 2857 59 2866 ’
104 2869 234 2947 protasi
252 2868 418 2945 peninon
439 2871 554 2946 potuit.
593 2866 753 2945 synchysi
775 2866 933 2927 eiusmodi
958 2871 995 2925 in
1025 2876 1152 2931 senario

106 2950 341 3008 abstinuerunt
364 2953 488 3028 tragici.
509 2949 621 3009 ,Nolis
644 2970 721 3011 vero
741 2946 782 3009 ἂν
810 2973 883 3013 cum
894 2945 1047 3029 aldione
1076 2976 1152 3013 oon·

106 3042 255 3102 nectere,
283 3036 337 3091 cui
362 3037 594 3112 conjunctioni,
623 3039 780 3113 quoniam
796 3036 1050 3095 *multitudinem
1078 3059 1152 3096 cuna

102 3119 311 3175 Persicorum
336 3126 407 3175 turn
437 3115 632 3176 Graecarum
661 3122 796 3178 navium
820 3121 907 3179 beno
931 3125 1089 3199 cognitam
1117 3144 1152 3181 se

104 3201 235 3260 habere
254 3205 292 3260 in
311 3201 521 3277 sequentibus
544 3200 743 3260 demonstrat
763 3208 910 3273 nuntius,
935 3204 1001 3262 loci
1023 3215 1151 3263 contex-

104 3296 169 3345 tus
197 3294 231 3343 et
254 3304 368 3362 sensus
392 3294 583 3363 repugnant
622 3284 792 3346 Praeterea
814 3308 873 3369 pro
899 3282 1073 3368 βαρβάρους
1100 3309 1165 3356 οο-,

103 3372 215 3430 currit
241 3360 404 3449 βαρβάρων
427 3388 495 3427 non
520 3369 626 3430 solum
652 3374 690 3428 in
709 3366 784 3431 Ald.
806 3382 840 3430 et
859 3373 941 3432 Rob.
967 3372 1025 3431 sed
1053 3376 1152 3431 etiam

104 3457 148 3514 in
174 3451 286 3513 decem
303 3452 485 3514 codicibus:
513 3451 602 3513 Med.
624 3454 661 3513 B.
686 3455 720 3512 G.
740 3456 777 3515 F.
800 3456 842 3516 H.
863 3456 906 3515 K.
929 3456 995 3515 Vit.
1015 3456 1149 3533 Mosqo.

58 3583 72 3612 a„
104 3538 173 3598 Ox.
196 3536 305 3597 Guelf.
329 3535 451 3595 Verum
479 3535 612 3613 quidem
641 3541 821 3616 genitivum
847 3539 939 3598 nulla
964 3543 1088 3599 ratione
1114 3544 1152 3599 in
1220 3573 1223 3582 κ

104 3641 245 3681 semum
272 3618 440 3698 quadrare,
465 3618 525 3678 sed
548 3642 622 3681 cum
646 3633 754 3683 tantos
775 3623 901 3682 baben
929 3633 1083 3697 auctores,
1119 3634 1153 3683 et

107 3704 277 3781 quomodo
296 3708 334 3762 iu
357 3721 433 3762 euru
447 3702 638 3784 depravatus
655 3709 702 3765 sit
722 3711 935 3777 acbusativus,
954 3728 1023 3766 non
1040 3713 1088 3767 ita
1102 3708 1152 3766 fa·

106 3788 180 3846 cilo
198 3790 389 3866 assequaris,
406 3788 568 3866 malaque
580 3811 615 3850 se
633 3790 752 3850 habeat
770 3791 929 3871 particula
948 3788 994 3864 ἄν,
1013 3796 1151 3851 maxima

106 3882 228 3935 mente
237 3873 378 3954 ssupicio
397 3871 530 3946 insidet,
547 3875 629 3937 olim
650 3875 748 3938 aliam
764 3875 863 3957 plane
880 3879 1042 3937 ,exstitisse
1058 3877 1151 3936 tecti·
