2717 4600
613 188 883 233 -202“··

232 382 270 422 ex
286 359 455 421 maritimis
467 356 570 417 bellis
589 355 820 421 detrimentum
841 366 1003 438 moment,
1021 366 1057 416 et
1075 368 1163 416 recte
1184 378 1279 416 sum·

229 466 318 505 mam
341 445 470 523 imperii
495 445 563 501 vim
592 445 629 501 in
652 441 858 503 terrestribus
888 443 991 520 copiis
1023 445 1163 521 positam
1200 462 1279 501 esse

231 532 435 598 existimavit,
454 536 650 606 quapropter
669 530 769 585 etiam
788 529 936 605 regnavit
962 524 1100 584 dilectus
1128 546 1147 584 a
1175 525 1279 585 Soso-

231 635 303 673 rum
324 612 451 672 civibus
474 610 546 682 dux,
567 613 627 688 qui
649 630 735 677 arcu,
756 610 899 670 militum
919 612 1119 669 terrestrium
1143 611 1280 679 robore,

231 697 375 759 valeret?
413 693 465 755 lta
491 688 624 775 ἀβλαβὴς
658 697 781 774 optime
813 697 999 775 exponitur,
1030 693 1149 755 melius
1184 705 1280 755 certe

230 802 329 863 quam
350 783 386 839 in
407 777 514 837 Schol.
537 774 575 839 A.
596 779 655 838 ubi
668 780 849 856 quaesitam
869 781 998 839 invenis
1009 778 1278 859 explicationem.

229 864 275 926 At
292 887 329 927 ex
350 857 436 922 οὔπω
461 860 569 942 prodit
594 883 718 937 sensus,
745 866 862 922 animis
887 883 1003 921 senum
1031 882 1105 943 erga
1132 863 1280 923 Xerxem

229 951 410 1012 reverentia
426 946 630 1037 plenissimis
650 950 709 1027 qui
739 967 807 1008 non
828 951 993 1008 convenit.

312 1094 344 1135 v.
369 1069 440 1133 523.
482 1068 587 1132 schol.
608 1072 645 1133 B.
679 1066 842 1175 τόξαρχος]
872 1066 988 1149 ἡγεμὼν
1013 1071 1075 1132 τῶν
1102 1063 1280 1143 τοξιαοτοί-

112 1182 117 1189 ·
228 1178 291 1220 ταν
308 1157 446 1238 Πιρσοῖν.
486 1156 589 1216 Recte
606 1157 725 1217 Blomf.
745 1154 892 1234 τοξαρχος
907 1152 1052 1218 retinuit
1094 1157 1202 1217 Docta
1225 1167 1280 1215 est

231 1249 300 1304 eius
331 1251 409 1301 nota
431 1240 481 1301 ‘ad
509 1240 595 1320 Sept.
624 1241 696 1301 adv.
713 1242 793 1305 '‘Th.
821 1240 900 1300 828:
937 1234 1144 1320 υπολεμοίρχας
1185 1240 1277 1301 Seld.

229 1327 369 1391 Brunok.
406 1321 533 1385 Atticos
551 1344 627 1386 vero
645 1322 832 1385 huiusmodi
856 1329 1035 1406 composita
1057 1347 1115 1408 per
1143 1344 1197 1402 χος
1225 1347 1278 1385 ex·

230 1413 356 1481 tulisse,
376 1410 493 1490 colligo
514 1429 551 1468 ex
564 1412 702 1492 propriis
718 1408 906 1471 nominibus
921 1408 1100 1489 Ἵππαρχος,
1120 1407 1277 1490 Νέαρχος,

221 1490 395 1573 ιΚλοάρχος.
435 1495 476 1551 ln
499 1491 642 1576 Choaph.
663 1491 755 1560 1070.
772 1488 961 1573 πολέμαρχος
981 1489 1058 1575 ἀνὴρ
1083 1497 1171 1553 basis
1196 1516 1275 1553 ana·

228 1583 372 1663 paestica
393 1572 451 1639 est}
475 1578 575 1639 Rhes.
594 1576 666 1639 381.
697 1573 837 1657 Σκύμνου
852 1575 988 1659 ἔθρεψας
1008 1572 1174 1657 πολίαρχον
1194 1575 1274 1636 ἰδεῖν.
1331 1628 1332 1645 ,

227 1666 302 1727 vid.
321 1660 406 1724 l'ers.
429 1656 502 1723 311.
523 1663 636 1745 Suppl.
657 1661 707 1723 12.
731 1659 803 1730 907.
823 1663 968 1747 Choeph.
990 1660 1063 1724 622.
1093 1675 1127 1723 et
1147 1675 1273 1726 veteres
1331 1666 1332 1687 ¹

229 1749 387 1812 lectiones
409 1768 547 1830 reponas
568 1753 603 1807 in
625 1748 723 1829 Soph.
743 1747 825 1809 Oed.
848 1749 917 1809 Col.
944 1745 1036 1809 1085.
1062 1746 1149 1828 Ajac.
1172 1746 1272 1809 390.“

232 1835 416 1895 Occurrunt
439 1842 606 1914 praeterea
632 1837 668 1892 in
697 1832 811 1892 fabula
837 1843 947 1909 nostra
975 1853 1007 1893 v.
1035 1829 1106 1893 295.
1129 1828 1267 1913 ἄπαρχος.

232 1917 304 1980 331.
326 1911 496 1999 ναυάρχοις.
517 1914 590 1980 928.
604 1912 832 1999 μυριόνταρχον.
854 1928 888 1977 et
906 1915 979 1977 282.
1003 1912 1226 1999 μυριόνταρχος.
1331 1938 1332 1975 ι

313 2065 345 2105 v.
367 2036 440 2105 524.
482 2037 659 2118 Σουσίδαις,
680 2042 771 2122 quod
785 2041 1186 2124 adoptavitBlomsreldias,
1206 2053 1259 2101 ant
1331 2078 1333 2161 ρ

232 2132 387 2190 correctio
408 2138 458 2187 est
477 2132 582 2208 jejuni
604 2133 718 2203 critici,
742 2138 799 2187 aut
818 2149 855 2188 ex
876 2126 961 2187 rirale
974 2128 1143 2187 intellecta
1163 2125 1253 2184 Schol.

230 2212 268 2275 A.
294 2216 561 2292 interpretatione
587 2214 688 2274 fluxit.
754 2212 836 2270 Nam
867 2232 935 2271 non
965 2212 1045 2293 legit
1077 2209 1264 2270 scholiastes

231 2291 395 2367 Σουσίδαις
416 2317 478 2357 nec
497 2299 569 2357 vult
589 2298 664 2379 legi,
690 2297 747 2358 sed
776 2295 866 2357 addit
883 2295 1042 2372 dativum,
1071 2317 1138 2375 quo
1164 2288 1268 2372 nol-rri-

231 2403 299 2454 ταις
320 2383 469 2441 illustret.
511 2381 699 2448 Recidimus
721 2386 820 2466 igitur
840 2381 1032 2442 deteriorem
1051 2382 1242 2441 lectionem.

314 2527 347 2573 ν.
368 2504 441 2571 525.
486 2506 691 2589 optimorum
710 2510 869 2570 librorum
888 2508 1064 2568 lectionem
1090 2502 1142 2566 καὶ
1168 2511 1205 2567 in
1226 2507 1270 2565 lo·

232 2614 307 2654 oum
325 2591 505 2673 particulae
528 2585 597 2673 γάρ,
614 2614 715 2672 quam
735 2593 768 2656 h.
780 2594 805 2653 1.
826 2612 883 2673 pro
903 2597 1194 2673 interpretamento
1217 2590 1270 2650 lia-

229 2678 355 2749 bemus,
382 2678 634 2757 subrogavimus.
685 2678 865 2737 Brunckins
892 2671 930 2734 θ’
959 2676 1000 2737 de
1027 2697 1087 2772 suo
1114 2675 1269 2757 adjunxit.

232 2760 327 2823 Cont.
345 2771 439 2820 notas
461 2761 503 2822 ad
525 2757 600 2825 516.
620 2756 692 2822 518.

312 2908 343 2948 v.
366 2877 457 2947 526.
481 2887 551 2948 Vox
569 2880 749 2956 κυανώπιδες
771 2898 826 2947 aut
844 2897 1052 2968 anapaestum
1076 2908 1134 2968 pro
1162 2887 1271 2946 iambo

233 2972 390 3041 continet,
411 2981 467 3029 aut
483 2991 542 3052 per
554 2971 816 3054 synecphonesin
829 2973 1033 3054 pronuntiari
1052 2969 1158 3034 debet.
1185 2969 1273 3030 Ana·

230 3066 378 3137 paestum
400 3058 435 3113 in
454 3054 571 3116 iambis
593 3055 704 3135 lyricis
725 3055 804 3115 licet
829 3054 962 3135 quidem
986 3053 1143 3126 adhiberi,
1174 3076 1272 3134 quam

230 3162 300 3200 rem
321 3141 489 3199 evicerunt
507 3138 667 3220 Reisigius
698 3144 735 3201 in
757 3142 902 3219 Conject.
925 3143 962 3198 in
983 3137 1143 3220 Aristopli.
1160 3160 1203 3289 ρ.
1222 3135 1272 3204 37.

231 3223 416 3284 Lobeckius
443 3234 478 3283 et
502 3224 686 3285 Erfurdtius
722 3224 763 3286 ad
791 3223 887 3304 Soph.
916 3221 968 3300 Aj.
1001 3219 1073 3290 705.
1101 3220 1156 3299 (69
1182 3225 1207 3297 .)
1242 3233 1274 3282 et

226 3308 394 3370 &idioma
420 3311 460 3366 in
478 3307 627 3389 Epistola
650 3309 691 3368 ad
712 3309 853 3369 Labecia.
876 3331 909 3395 p.
931 3302 1004 3369 438.
1045 3308 1139 3386 Quae
1161 3319 1273 3366 contra

231 3403 345 3454 monet
363 3393 572 3453 Hermannus
588 3398 625 3452 in
644 3394 749 3452 Elem.
767 3393 867 3453 doctr.
889 3404 980 3453 metr.
1001 3414 1033 3473 p.
1049 3393 1129 3453 Ι122.
1153 3391 1274 3453 virdi-

232 3498 296 3557 gna
319 3487 397 3539 sunt
421 3488 515 3537 tanto
540 3481 623 3538 viro.
673 3478 756 3536 Nam
783 3498 840 3536 cur
865 3478 1034 3538 licentiam
1064 3495 1274 3537 numerorum

231 3566 398 3639 majorem,
418 3583 503 3639 qaae
522 3566 559 3622 in
576 3560 817 3641 antistrophicis
836 3566 1035 3644 conspicitur
1045 3565 1215 3631 trimetris,
1235 3560 1275 3618 ad

226 3644 317 3703 solas
338 3649 502 3724 pertinere
522 3647 701 3706 solutiones
725 3644 843 3715 credat,
871 3657 954 3726 quas
979 3668 1017 3707 ex
1040 3645 1274 3706 modulationis

233 3732 468 3790 intercessione
482 3742 619 3805 excusat,
638 3740 830 3811 anapaestos
857 3754 933 3792 vero
959 3752 978 3789 a
1002 3734 1159 3795 trimetris
1190 3733 1275 3787 anti·

233 3809 406 3891 atrophicis
426 3815 582 3887 excludat,
601 3816 803 3895 nouitquet.
831 3816 933 3878 Recte
953 3816 1086 3894 quidem
1101 3815 1182 3872 dicit
1194 3815 1276 3872 Her·

234 3914 386 3968 mannua,
405 3908 536 3960 cautam
563 3905 720 3980 majorem
747 3918 846 3982 quam
864 3898 1011 3966 dive&
1036 3903 1206 3979 aquirere
1228 3917 1276 3957 se·
