2717 4600
538 147 875 222 *¹78-

158 398 160 401 ,
287 322 444 402 ζεύγνυσθ’
470 320 640 404 ὠκύποδας,
668 318 751 400 φάος
768 314 960 405 ἀνθρώποισι
978 319 1138 405 φέροντας,
1238 376 1241 379 ,
1270 291 1273 296 ¹

226 428 233 435 ·
287 409 423 492 Λάμπον
441 409 495 473 καὶ
516 405 693 487 Φαέθονθ’,
711 404 773 470 οἵτ’
797 404 866 468 Ἠῶ
886 402 986 468 πῶλοι
1004 405 1139 483 ἄγουσιν.

224 523 275 589 Cf.
296 533 462 607 praeterea
480 519 581 581 Stanl.
604 529 638 580 et
654 516 775 579 Blomf.
796 517 838 578 ed
856 518 890 577 h.
912 516 936 577 1.

228 680 232 685 ·
305 674 337 719 v.
359 649 431 716 356.
472 651 626 713 Inaudita
643 662 694 712 est
708 654 870 713 contremo
897 643 969 729 ἧχοῖ
993 644 1150 728 μολπηδὸν
1169 646 1265 732 εὐφη-

222 745 293 824 μεῖν,
322 744 401 820 quia
425 737 537 798 nullus
563 738 704 796 Graecus
733 731 870 814 εὐφημεῖν
895 730 954 795 τινὶ
978 756 1036 817 pro
1060 738 1264 806 „acclamare

223 828 344 888 alicui“
365 844 444 884 usus
467 831 527 882 est.
570 822 653 881 Nam
677 819 764 902 apud
784 821 896 901 Eurip.
920 818 994 902 Iph.
1019 821 1058 881 T.
1079 813 1158 882 4032
1188 826 1265 883 ναύ-

220 928 274 973 ται
295 902 330 968 d'
351 899 562 984 intruduntur
587 901 714 984 εὐχαῖσιν
735 898 828 983 κόμης
847 905 975 977 παιᾶνα,
1001 910 1158 982 quoniam
1180 907 1266 969 dati·

22 1024 25 1033 ·
147 1036 151 1051 .
221 1012 281 1060 vus
308 993 363 1052 hic
390 1002 441 1063 est
467 991 678 1060 advertistis,
718 988 783 1050 alio
811 1008 910 1048 sensu
941 989 1104 1050 dicuntur.
1164 992 1265 1073 Fugit

220 1087 388 1163 praeterea
407 1078 537 1135 criticos
554 1075 655 1135 verbo
676 1066 861 1150 ἀντηλάλαξε
870 1073 1020 1133 Piorsoni
1040 1074 1264 1154 conjecturam
1343 1078 1344 1121 i

221 1164 436 1224 necessariam
456 1180 525 1219 non
541 1158 644 1219 reddi
685 1159 834 1237 Namque
856 1156 891 1216 id
912 1177 1016 1237 aeque
1040 1158 1127 1220 bene
1149 1159 1191 1220 ad
1211 1158 1265 1220 κέ-

219 1242 314 1316 λαδος
331 1244 517 1307 retrahitur.
559 1244 677 1320 Itaque
697 1264 772 1301 cum
794 1243 943 1322 plurimis
962 1253 996 1302 et
1014 1246 1145 1323 optimis
1166 1246 1265 1307 libris

131 1396 138 1407 ,
219 1327 275 1421 ἠχῇ
293 1329 489 1391 reduximus.
531 1326 651 1389 Sensus
673 1337 739 1387 est:
763 1327 851 1403 „alte
875 1330 1029 1407 strepitus
1057 1327 1142 1409 apud
1162 1330 1266 1391 Grae-

220 1437 274 1478 cos
302 1419 389 1476 etc.“

301 1561 334 1602 v.
356 1532 429 1605 357.
469 1536 634 1597 Brunckio
664 1535 800 1597 debetur
817 1527 996 1613 ηὐφήμησεν,
1023 1540 1060 1597 in
1088 1538 1181 1598 libris
1210 1544 1266 1600 in-

218 1629 313 1691 venis
341 1615 514 1701 εὐφήμησεν,
544 1620 629 1699 qnod
654 1626 758 1680 textui
778 1620 988 1681 reddidimus.
1032 1622 1215 1683 Verborum
1245 1647 1265 1686 a

217 1708 418 1793 diphthongo
440 1701 471 1764 εὐ
493 1709 721 1785 incipientium
744 1716 952 1785 angmentum
980 1707 1142 1786 negligere
1164 1709 1265 1769 licuit

216 1797 356 1875 tragicis.
389 1788 439 1848 Cf.
460 1787 610 1849 Schneid.
640 1790 692 1848 De
714 1789 789 1848 dial.
811 1789 908 1871 Soph.
931 1812 963 1870 p.
988 1788 1038 1852 10.
1062 1790 1112 1853 11.
1137 1794 1258 1856 Blomf.

218 1879 259 1940 ad
277 1868 439 1937 Promith.
462 1864 542 1934 463.
560 1872 662 1934 Praef.
683 1872 724 1933 ad
743 1871 846 1933 Theb.
868 1895 898 1955 p.
921 1873 970 1935 12.

219 2042 228 2085 .·
300 2028 332 2072 v.
350 2004 430 2087 ⁸360.
472 2006 582 2067 Verba
608 1997 650 2075 ὥς
680 2004 762 2093 φυγῇ
785 2000 892 2066 παιᾶν’
928 1999 1079 2086 ἐφύμνουν
1104 2029 1163 2089 pro
1188 2030 1254 2070 cor-

172 2126 175 2135 ·
217 2098 322 2177 ruptis
342 2086 494 2152 habenda
516 2110 598 2162 esse,
620 2089 709 2168 quod
731 2089 843 2149 nullus
870 2091 975 2152 adhuc
996 2096 1155 2174 interpres
1182 2098 1248 2152 ani·

217 2178 399 2251 madvertit,
422 2180 585 2236 miramur.
627 2173 735 2234 Primo
758 2168 799 2243 ὥς
818 2173 858 2233 ad
878 2197 1008 2238 sensum
1029 2177 1096 2237 loci
1121 2180 1249 2253 minime

216 2262 375 2343 quadrare
402 2260 541 2325 videtur.
592 2257 712 2319 Persae
741 2278 860 2339 nempe
887 2259 1016 2344 decepti
1044 2272 1145 2337 erant,
1176 2284 1254 2341 quo·

217 2353 305 2408 niem
326 2346 441 2408 Graeci
463 2365 542 2413 non,
568 2346 653 2403 sicut
674 2345 727 2402 illi
749 2342 952 2405 crediderant
974 2347 1099 2416 Sicine,
1119 2346 1258 2409 evadere*

216 2432 300 2494 clam
321 2432 536 2497 conabantur,
556 2448 665 2506 neque
695 2427 796 2487 classe
817 2427 962 2489 hostium
995 2431 1145 2512 adspecta
1168 2442 1261 2513 terga

95 2559 98 2568 ,
216 2515 349 2585 dabant,
370 2513 459 2593 quod
480 2513 654 2592 sperabant
676 2513 796 2584 Persae,
826 2512 883 2572 sed
905 2524 941 2573 ut
970 2536 1085 2574 manus
1109 2537 1263 2578 consere-

214 2610 289 2660 rent
308 2619 344 2658 se
363 2597 529 2678 parabant.
576 2595 697 2676 Quare
717 2593 802 2652 nihil
816 2595 904 2655 aliud
919 2597 1026 2659 dicere
1046 2609 1155 2680 potest
1172 2621 1264 2661 nrrn-

214 2690 280 2746 tius
305 2686 371 2741 nisi
399 2682 476 2743 hoc:
516 2682 631 2758 Neque
659 2682 749 2737 enim
775 2682 810 2736 in
839 2679 949 2761 fugam
982 2703 1017 2743 se
1050 2695 1268 2748 reverterunt

215 2770 342 2837 Graeci,
364 2766 421 2826 sed
442 2770 479 2825 in
498 2785 639 2847 pugnam
656 2755 881 2843 proniperunt.
926 2765 1054 2846 Quibus
1072 2765 1182 2828 verbis
1207 2776 1269 2832 vix

216 2851 451 2912 accommodari
471 2858 619 2930 possunt,
640 2868 725 2925 quae
747 2851 784 2905 in
802 2858 891 2908 textu
912 2850 1079 2930 leguntur=
1116 2854 1270 2933 „Neque

215 2940 303 3012 eninr
333 2937 427 3011 quasi
451 2933 491 2991 ad
518 2932 628 3012 fugam
651 2951 687 2991 ee
709 2942 908 2992 revertentes
934 2955 1060 3015 paeane
1092 2939 1271 3000 canebant

214 3023 299 3082 etc.“
338 3016 484 3076 'Graecos
520 3029 638 3097 nempe
668 3016 770 3075 classe
802 3015 944 3077 hostium
977 3019 1130 3101 adspecta
1164 3032 1274 3105 terga

213 3105 343 3166 daturos
366 3103 539 3183 sperabant
558 3101 685 3170 Persae,
712 3119 821 3180 neque
841 3113 964 3171 tamen,
994 3124 1050 3163 eos
1081 3110 1178 3182 quasi
1207 3109 1275 3169 fu-

212 3209 271 3270 gae
293 3208 328 3248 ee
349 3185 489 3256 daturos,
509 3189 742 3247 existimarunt.
787 3185 870 3246 Inde
891 3187 1008 3257 elucet,
1031 3191 1196 3269 particula
1222 3188 1274 3265 ὡς

174 3323 176 3331 .
213 3282 397 3335 contextum
425 3270 556 3330 turbari.
597 3270 696 3330 Porro
720 3274 892 3348 sequentia
920 3273 1000 3359 φυγῇ
1021 3268 1133 3332 παιᾶν’
1157 3271 1275 3356 ἐφύμ-

165 3365 169 3369 ’
211 3375 284 3420 νουν
311 3354 410 3440 paulo
432 3353 553 3424 durius,
577 3363 609 3413 et
630 3353 799 3414 haeremus
819 3376 860 3414 an
892 3355 1024 3429 Graece,
1057 3356 1145 3417 dicta
1174 3375 1274 3423 sunt

211 3464 269 3525 pro
291 3440 355 3512 „ad
376 3438 485 3519 fugam
499 3459 535 3497 se
554 3448 753 3499 revertentes
771 3459 897 3520 paeana
918 3440 1115 3501 canebant.“
1158 3444 1276 3525 Quae

212 3548 286 3585 cum
307 3529 353 3585 ita
374 3527 452 3595 sint,
471 3512 508 3582 οὐ
524 3517 583 3601 γὰρ
605 3518 636 3581 ἒν
654 3524 733 3611 φυγῇ
754 3520 845 3597 π.’ἔφ.
864 3523 1002 3584 forsitan
1022 3529 1164 3605 opineris
1194 3551 1276 3593 nos

209 3613 439 3691 propositurus.
479 3606 736 3689 Proponeremus
754 3607 843 3686 quod
860 3614 927 3688 jam
948 3608 1065 3668 maluit
1083 3611 1280 3677 Blomfiel.

210 3690 293 3762 dius,
314 3696 379 3756 nisi
395 3689 427 3751 dr
445 3695 534 3754 vocis
556 3691 636 3779 φυγῇ
657 3696 757 3771 gratia
779 3693 820 3751 ab
841 3696 961 3753 criticis
982 3698 1126 3772 antiquis
1146 3699 1278 3759 inser-

207 3786 278 3836 tum
304 3797 375 3835 esse
403 3775 688 3845 verisimillimum,
719 3780 783 3835 nisi
806 3778 985 3858 particulae
1013 3772 1054 3846 ὡς
1086 3802 1279 3847 summam

207 3878 321 3921 omnes
338 3859 417 3946 libri
440 3860 653 3920 conciliarent
674 3864 906 3926 auctoritatem.
949 3862 1017 3922 lino
1045 3883 1113 3924 non
1144 3868 1189 3925 in
1222 3866 1278 3943 ὥς
