2717 4600
517 175 783 241 ...31-

126 358 177 411 est
204 350 305 414 etism
330 344 464 404 ultimus
493 344 709 426 praecedente
728 349 861 417 ‚cretico
912 345 967 408 De
996 356 1164 419 naturaei

125 432 239 495 indole
260 429 356 489 huius
377 426 596 508 strophae-cf.
617 430 728 491 Herm.
748 430 854 505 Elem.
881 430 982 492 doctr.
1013 443 1106 493 metr.
1128 453 1161 514 p.

8 545 20 559 ν
124 512 198 584 729.
242 515 412 583 Caeterum
433 513 605 591 observatu
625 512 758 593 dignum
778 525 836 591 est,
858 513 1086 596 stropharum
1106 516 1185 587 ansi

123 595 315 741 tistrophem
350 600 587 669 sententiarum
622 600 843 675 continuitate>
875 598 1056 679 cohaerere,
1120 578 1185 661 Iul

121 694 210 764 strop
236 702 254 739 a
281 689 355 762 post
381 672 480 760 φόβῳ,
509 701 576 742 non
601 686 713 741 minus
738 693 812 764 post
833 676 874 745 it
901 703 1026 745 comma
1052 687 1163 764 posui·

15 768 21 781 ⁸
120 786 205 835 mus,
232 774 305 845 post
324 758 414 824 τοῦδε
441 785 574 835 comma
594 769 816 840 exstinximus,
844 770 882 828 in
908 767 977 829 fine
1002 777 1161 847 punctum

21 888 27 909 τ
121 848 311 927 adjecimus.
352 847 416 907 Sed
434 869 514 931 opus
537 860 598 919 est,
613 851 775 928 quaedam
795 850 836 912 de
855 841 1094 912 constructione
1107 850 1162 912 ad·

117 950 278 1013 sporgere,
306 952 380 991 curu
408 936 500 994 varia
526 938 688 993 tentarint
714 932 918 1006 Schuetzius,
947 928 1084 1009 Siebelis
1112 937 1159 1017 (p.

118 1015 209 1093 120),
239 1017 307 1085 alii,
335 1034 475 1093 quorum
493 1021 640 1076 omnium
661 1017 891 1098 explicationes
914 1038 1023 1098 neque
1046 1032 1162 1099 nume

114 1121 227 1161 rorum
256 1098 517 1174 conformationi,
543 1112 652 1178 neque
688 1104 801 1160 sensui
834 1105 913 1162 satis
947 1106 1175 1189 convenienti

114 1180 197 1244 Hoc'
222 1194 330 1242 autem
359 1185 518 1263 imprimis
554 1183 767 1264 spectandum
799 1196 865 1259 est,
907 1186 966 1244 ubi
995 1191 1162 1264 quaeritur

116 1287 282 1347 quaenam
301 1266 402 1327 verba
420 1270 574 1348 conjungi
594 1266 743 1340 debeant.
765 1268 846 1347 quid
860 1268 994 1329 suadeat
1008 1290 1160 1331 versuum

114 1356 209 1413 ratio.
259 1350 350 1415 Haec
378 1368 455 1411 vero
495 1350 575 1410 dicit
599 1348 792 1432 Aeschylus:
831 1352 1024 1433 „Propterea
1057 1354 1101 1429 (i.
1130 1373 1159 1416 e.

115 1445 250 1516 propter
272 1455 320 1503 ea,
342 1452 426 1511 qnae
445 1437 483 1494 iu
505 1435 629 1495 antistr.
648 1433 668 1495 3
691 1439 834 1517 exposita
852 1438 944 1510 sunt)
964 1457 1058 1497 mens
1073 1441 1160 1499 tristi
1191 1494 1200 1506 ,

117 1517 204 1577 mihi
222 1537 367 1578 moerore
386 1517 555 1578 laceratur.
599 1517 664 1578 Or!
692 1518 743 1580 Ne
763 1518 827 1580 hoc
852 1520 893 1582 de
918 1520 1046 1589 Persico
1073 1541 1160 1582 exer·

118 1605 187 1661 citu
200 1604 313 1664 civitas
325 1600 472 1661 exaudiat
490 1605 569 1664 viris
585 1622 689 1664 vacua
707 1622 824 1682 magna
836 1602 988 1665 Susorum
1009 1607 1157 1667 ciritas“.

202 1737 234 1782 v.
251 1713 303 1778 92.
325 1789 329 1794 ,
351 1709 504 1794 λασπόροι
530 1713 661 1797 μηχαναὶ
697 1739 765 1780 non
801 1717 881 1778 dixit
907 1715 1086 1798 Aeschylus
1116 1720 1158 1781 de

95 1788 220 1884 {ponte
238 1801 357 1883 nauali,
386 1823 452 1880 quo
479 1802 599 1865 Xerxes
619 1803 869 1883 Hellespontum
887 1806 1025 1882 trajecit,
1051 1814 1089 1862 ut
1108 1806 1158 1864 vi·

109 1909 182 1946 sum
213 1878 262 1965 est
282 1885 463 1961 Sebasteia,
493 1884 550 1945 sed
568 1884 800 1966 intelligendae
825 1895 904 1945 sunt
921 1889 1022 2027 ¹ipsae
1047 1878 1177 1958 narses

108 1992 195 2049 quae
222 1973 338 2048 utique
360 1980 438 2029 sunt
456 1973 681 2042 instrumenta,
710 1969 829 2047 quibus
838 1988 918 2111 epop
958 1990 994 2029 us
1016 1967 1156 2032 vehitur.

109 2053 288 2133 Nusquam
320 2056 409 2112 enim
435 2056 473 2110 in
501 2051 563 2111 hac
591 2049 722 2132 strophe
747 2051 789 2111 de
814 2073 835 2133 p
879 2048 1019 2111 estribus
1045 2058 1157 2133 copiis,

6 2202 14 2213 ‚
109 2137 169 2198 sed
192 2138 237 2197 de
258 2137 368 2197 navali
383 2146 511 2194 tantum
534 2139 673 2195 exercitu
693 2155 797 2193 sermo
821 2143 880 2195 est.
925 2134 994 2195 Sub
1009 2129 1157 2195 λεπτοδό·

109 2240 177 2299 μοις
200 2219 342 2297 πείσμασι
361 2218 510 2297 intellige
530 2217 627 2295 funes
650 2218 902 2297 adapparatum
923 2219 1072 2278 navalem
1084 2241 1156 2303 per·

109 2310 259 2366 tinentes
279 2307 387 2363 tenuis
410 2306 524 2383 operis,
538 2300 664 2380 'quibus
686 2322 782 2361 nemo
802 2310 873 2361 tuto
896 2321 931 2362 se
954 2308 1156 2365 committere

110 2401 145 2450 et
166 2385 334 2449 confidere
352 2395 468 2468 potest.
512 2386 604 2445 Inest
624 2390 732 2466 'igitur
758 2384 903 2467 culpatio
930 2389 1004 2446 roci
1027 2386 1155 2447 πίσυνοι.

7 2492 8 2495 ’
109 2475 241 2533 Similia
268 2467 460 2549 frequenter
486 2481 660 2530 occurrunt
686 2468 771 2552 apud
797 2478 909 2550 poetas
935 2479 1004 2528 tam
1032 2470 1154 2532 latinos

108 2563 213 2638 quam
240 2575 380 2638 gracum.
431 2550 519 2614 Vide
548 2574 633 2632 quae
666 2571 855 2633 congessere
879 2557 1082 2634 interpretes
1112 2554 1154 2616 ad

107 2643 224 2702 Horat.
260 2638 357 2699 Odar.
380 2638 407 2709 Ι,
425 2635 455 2698 3.
478 2648 512 2697 et
529 2638 602 2700 Ju'v.
629 2633 694 2697 Sat.
718 2637 778 2697 xl.
827 2637 1004 2699 Nobiscum
1024 2633 1155 2700 faciant

105 2726 263 2786 Butlerus
286 2734 320 2783 et
339 2721 547 2784 Scholiastee.

194 2863 226 2902 v.
246 2834 296 2900 94.
341 2832 389 2899 ὀύ.
423 2838 525 2899 Recte
542 2835 736 2898 scholiastes
758 2832 811 2895 Aa
832 2830 983 2916 Περσικὸν
1002 2830 1151 2920 θρῆνημα.

104 2921 254 2988 barbara
277 2920 357 2983 haec
383 2922 577 3002 exclamatio
597 2920 785 3002 interpellat
805 2920 1011 3001 stropharum
1038 2943 1151 2984 nume·

105 3031 161 3076 ros
192 3017 230 3067 et
258 3026 327 3086 per,
347 3026 382 3066 se
410 3015 495 3064 extra
521 3015 696 3066 metrorum
731 3025 847 3064 nexum
872 3014 923 3063 est
953 3008 1150 3085 accipienda.

106 3087 222 3173 Quare
240 3109 309 3152 non
325 3090 497 3172 probamus
520 3087 656 3147 aliorum
678 3088 934 3167 explicationem,
954 3092 1012 3167 qui
1034 3094 1150 3169 genffl·

104 3199 166 3240 vos
187 3174 348 3253 Περσικοῦ
370 3161 589 3249 στρατεύματος
611 3171 651 3229 ab
672 3169 734 3229 hac
753 3174 980 3249 interjectione
999 3177 1067 3251 regi
1085 3184 1149 3232 sta·

102 3253 247 3324 tuuntz,¹
256 3257 353 3326 „Heu
379 3255 548 3315 Persarum
573 3257 782 3328 exercitum;“
812 3275 919 3332 neque
945 3251 1149 3315 Lachmanni

103 3345 164 3422 (ΙΙ.
188 3364 223 3424 p.
237 3338 315 3418 ⁴38.)
343 3342 401 3417 qui
419 3337 567 3419 explicate
593 3336 740 3422 „Navae
762 3336 1056 3417 (lamentationem)
1088 3337 1148 3397 hu·

101 3433 156 3492 ius
175 3428 304 3487 Persici
321 3426 476 3483 exercitus
493 3420 645 3498 Susorum
666 3421 743 3481 urbs
772 3421 917 3482 audiat.“
958 3419 1147 3502 Comparari
1181 3497 1184 3507 .

101 3503 229 3607 potest:
245 3542 320 3586 cum
349 3529 460 3580 nostro
489 3511 531 3578 o’o'r
551 3519 772 3579 Hebraeorum
801 3507 906 3607 mlii,
921 3514 1054 3594 (Psalm
1075 3515 1145 3592 UO,

103 3617 148 3696 5.)
178 3617 272 3700 quod
293 3621 331 3676 in
350 3616 389 3676 N.
410 3615 581 3695 T.,graeco
600 3618 787 3696 exprimitur
814 3635 873 3695 per
899 3603 961 3672 oid
987 3614 1042 3674 rel
1064 3607 1145 3674 σύαί.

105 3703 315 3785 Quapropter
336 3710 474 3777 uterque
495 3702 654 3779 genitivus
683 3698 841 3776 Περσικοῦ
867 3689 1087 3778 στρατεύματος
1111 3708 1146 3758 et

103 3781 194 3844 τοῦδε
214 3784 340 3867 pendet
366 3805 385 3843 a
405 3776 542 3860 πύθηται
565 3782 623 3843 sed
643 3783 771 3844 diversa
790 3783 926 3844 ratione.
970 3780 1062 3844 Idem
1090 3802 1145 3842 va·

102 3868 156 3946 ist
176 3888 214 3930 ec
235 3872 267 3928 si
287 3868 411 3944 dictum
435 3875 534 3929 esset:
553 3862 594 3946 ei
614 3859 684 3930 τόδε
701 3860 772 3946 ami
789 3863 942 3953 Περσιμσύ
959 3857 1145 3947 στρατεύμα-
