2717 4600
536 249 540 257 ι
629 189 679 205 -
718 167 802 226 ‘cao
850 190 901 206 -

171 406 172 409 ,
244 336 344 426 θροῦν
368 336 502 421 (ἔστιδὲ
524 344 619 405 τοῦτο
639 342 838 428 περίφρασις)
864 338 1043 422 πιφαύσκων
1070 306 1123 405 ναὶ
1147 340 1281 409 δεικνύων

242 427 296 489 καὶ
313 424 488 505 ἀναφαίνων
504 424 560 489 τὸν
580 423 723 511 φάλαρον
741 426 794 490 καὶ
810 427 864 491 τὸν
877 425 976 507 λόφον
986 432 1039 508 τῆς
1057 424 1281 510 βασιλικῆςτιά-

194 581 197 584 .
243 534 306 591 ρας
325 509 380 572 καὶ
396 506 635 592 περικεφαλαίας.
677 516 922 595 Περιφραστικοδς
948 508 983 573 δὲ
1010 510 1047 572 τὸ
1070 510 1184 593 στέρφια
1201 517 1280 594 φησί.

124 631 129 640 .
243 597 339 660 Conf.
362 608 530 679 praeterea
551 597 633 658 Sext.
657 599 780 680 Empir.
804 598 876 661 adv.
899 598 1054 658 Mathem.
1076 600 1105 657 Ι.
1126 597 1201 660 313.

325 725 358 779 v.
380 710 453 775 621.
475 710 548 775 628.
591 714 734 776 Mirifice
750 720 896 776 tentatos
918 727 951 776 et
976 715 1188 797 interpolatos
1211 740 1279 781 esse
1341 715 1343 764 Ῑ

240 800 299 861 hos
327 821 439 862 versus
467 797 624 860 concedet
650 805 803 879 quisque,
826 804 886 879 qui
905 796 1094 860 'accuratius
1124 807 1279 864 recentio·
1342 849 1343 854 κ

238 907 312 943 rum
339 882 583 945 emendationes
612 905 687 944 cum
715 884 873 946 librorum
908 887 1066 965 scriptura
1096 887 1276 948 contulerit.

239 969 361 1027 Omnia
379 979 417 1027 ut
438 971 734 1049 circumspiciamus
755 979 789 1030 et
806 968 1055 1051 perpendamus,
1073 968 1160 1027 nihil
1178 974 1279 1031 since-

238 1056 306 1111 rius
329 1073 400 1112 esse
419 1052 551 1133 vulgata
568 1052 711 1113 lectione
732 1053 883 1113 confiteri
909 1052 1073 1112 debemus.
1118 1053 1277 1131 Quoniam

238 1157 316 1198 vero
338 1139 480 1198 virorum
509 1136 677 1197 doctorum
704 1148 888 1200 commenta
914 1136 1020 1196 fusius
1047 1137 1198 1199 refellere
1220 1161 1277 1200 uos

191 1213 192 1216 ¹
237 1221 358 1291 taedet,
382 1222 515 1291 nonnisi
543 1221 703 1302 nequiret
730 1214 840 1301 Δαρεῖ’
872 1216 931 1281 ἄνα
953 1220 1063 1301 vdigua
1099 1221 1278 1294 censemus,

237 1326 331 1384 quae
345 1308 383 1363 in
406 1304 716 1386 contemplationem
737 1305 846 1367 vocari
864 1309 999 1388 possint.
1036 1304 1078 1363 At
1092 1307 1192 1389 περῶν
1213 1330 1277 1368 me-

237 1410 274 1448 ra
302 1398 352 1448 est
379 1392 535 1448 correctio
566 1399 715 1450 veterum
750 1394 935 1450 criticorum
962 1388 1159 1450 allocutione
1184 1387 1277 1474 πάτερ

234 1484 393 1551 tanquam
413 1471 576 1543 indecora,
597 1476 719 1533 iniuria
744 1474 954 1534 offensorum.
1000 1469 1107 1551 Atque
1134 1471 1193 1533 ἄνα
1211 1477 1277 1537 Ho-

234 1562 317 1618 meri
337 1567 466 1616 tautum
486 1561 652 1639 proprium
673 1569 734 1629 est,
762 1580 872 1638 neque
900 1558 940 1619 ab
963 1576 1001 1617 eo
1019 1569 1191 1639 usurpatur
1211 1565 1276 1619 nisi

233 1647 271 1706 in
292 1640 442 1702 formulis
461 1641 528 1699 hisz
551 1640 576 1698 ci
597 1638 657 1700 ἄνα
684 1653 718 1701 et
736 1642 797 1702 Ζεῦ
825 1638 894 1702 ἄνα.
920 1640 1026 1700 Falso
1054 1646 1152 1701 etiarn
1173 1649 1277 1725 suspi-

235 1738 351 1786 cantur
369 1719 774 1798 Siebelis,'Blomfieldius,
797 1727 856 1786 alii
877 1724 1082 1786 Scholiasten
1100 1724 1138 1787 A.
1163 1723 1223 1786 ἄνα
1240 1734 1276 1788 in

234 1831 294 1870 suo
314 1811 488 1889 exemplari
508 1809 637 1890 legisse,
656 1810 924 1889 quandoquidem
950 1814 979 1869 is
1007 1830 1121 1871 vocem
1143 1805 1276 1871 δέσποτα

234 1897 541 1973 circumscriptionis
566 1898 668 1973 gratia
696 1895 830 1955 addidit.
878 1895 994 1973 Neque
1019 1915 1097 1956 vero
1127 1898 1274 1957 absimile

234 1982 462 2050 existimamus,
491 1970 626 2036 δέσποτα
654 1976 695 2038 ad
720 1972 817 2059 πάτερ
844 1989 1000 2060 spectare,
1024 1982 1072 2040 ita
1102 1991 1140 2040 ut
1166 1981 1272 2041 dicere

232 2062 374 2125 voluerit
400 2061 605 2132 scholiastes,
629 2054 725 2143 πάτερ
748 2060 782 2123 h.
812 2062 835 2123 l.
864 2066 1047 2123 suaviorem
1082 2075 1116 2124 et
1142 2069 1268 2143 maioris

231 2145 449 2209 verecundiae
467 2146 720 2226 appellationem
744 2167 814 2206 esse
835 2167 893 2227 pro
916 2140 1058 2208 δέσποτα.
1099 2147 1187 2207 Nihil
1211 2168 1265 2207 au·
1342 2203 1343 2211 ,

179 2299 183 2309 ρ
229 2242 297 2291 tem
318 2251 337 2288 a
357 2229 540 2309 tragoediae
562 2228 719 2309 dignitate
740 2234 841 2314 magis
862 2232 1019 2290 absonum
1039 2227 1149 2306 exstat,
1173 2253 1272 2312 quam

230 2315 316 2376 illud
349 2312 442 2389 ἰαυοῖ,
473 2314 561 2393 quod
588 2335 626 2374 ex
652 2311 818 2399 Aristoph.
846 2316 931 2374 Rau.
965 2313 1057 2377 1052.
1087 2318 1274 2397 subrogavit

230 2398 468 2461 Blomfieldius.
496 2399 596 2461 Hem!
622 2419 689 2458 non
709 2404 811 2463 sensit
829 2400 1005 2460 Britannus
1027 2421 1085 2480 per
1104 2401 1274 2480 parodiam

230 2488 388 2546 cornicem
406 2483 495 2542 hunc
512 2483 622 2545 locum
640 2487 791 2546 innuisse
810 2481 1070 2564 Aristophanem.
1090 2485 1175 2545 Vide
1184 2485 1274 2545 seid-

228 2570 335 2630 lerum
362 2572 399 2625 iu
428 2567 573 2631 Censura
600 2567 651 2627 ed.
677 2567 796 2629 Blomf.
834 2572 871 2627 in
898 2568 1037 2649 Ephem.
1068 2567 1144 2630 len.
1179 2564 1272 2628 1816.

226 2654 287 2714 No.
307 2649 377 2713 105.
395 2672 430 2732 p
449 2644 524 2713 361.

313 2783 345 2823 ν.
370 2756 442 2818 622.
480 2759 685 2840 Ingeniosior
702 2781 800 2839 quam
819 2761 932 2822 utilior
941 2760 1140 2822 Blomfieldii
1161 2782 1277 2822 emen·

228 2846 317 2906 datio
339 2855 389 2905 est
404 2836 577 2902 ναινόκοτα.
609 2844 693 2902 Nam
710 2845 797 2904 boue
811 2864 846 2906 se
865 2847 964 2906 habet
984 2846 1172 2906 dochmiusz
1188 2841 1276 2917 ὅπως

225 2922 373 2991 ααινάτε.
413 2927 571 2986 Consules
594 2927 774 2987 Seidlerum
800 2932 852 2990 De
872 2951 956 2993 vers.
990 2929 1117 2989 dochm.
1148 2951 1183 3010 p.
1201 2928 1276 2991 189.

228 3012 299 3075 190.
326 3023 360 3072 et
380 3011 562 3071 Hermanni
578 3011 683 3070 Elem.
704 3012 804 3074 doctr.
832 3024 925 3075 metr.
942 3035 983 3095 p.
1012 3006 1098 3073 211.
1114 3025 1149 3074 et
1178 3015 1273 3094 Epit.

226 3099 328 3159 doctr.
347 3105 441 3156 metr.
463 3116 495 3176 p.
513 3093 564 3156 92.
601 3094 768 3158 Praeterea
795 3119 838 3159 ue
861 3095 924 3159 boc
945 3097 1078 3177 quidem
1099 3097 1276 3158 Blomfiel-

226 3182 280 3242 dio
308 3180 476 3254 concedas,
504 3179 707 3241 Scholiasten
732 3180 768 3241 A.
804 3175 968 3243 καινόκοτα
1005 3183 1123 3266 legisse
1152 3182 1275 3245 videri.

225 3266 358 3328 Scilicet
379 3257 532 3324 ἀλλόκοτα
554 3263 595 3327 ad
614 3260 666 3325 νέα
683 3266 891 3333 referendum
910 3276 969 3331 est.

308 3394 341 3436 v.
365 3368 438 3438 627.
476 3371 645 3432 Nescimus
666 3394 709 3432 an
730 3366 893 3451 κατόλλυμι
910 3376 1045 3436 verbum
1064 3376 1098 3436 h.
1110 3375 1132 3436 l.
1151 3396 1171 3435 a
1191 3395 1277 3457 pee-

223 3470 259 3519 ta
280 3478 317 3518 ex
334 3459 470 3534 ingenio
498 3477 556 3515 suo
585 3454 787 3539 depromturn
815 3463 932 3539 spiritu
957 3462 1028 3519 eius
1051 3465 1095 3519 sit
1116 3459 1278 3540 diguissi-

222 3563 324 3601 mam.
363 3539 487 3620 Nempe
499 3549 611 3599 notat:
638 3560 759 3621 „pereo
780 3552 813 3601 et
833 3545 894 3602 sub
913 3554 1032 3602 terram
1053 3545 1158 3605 abeo“
1186 3549 1216 3604 i.
1244 3565 1276 3604 e.

222 3618 346 3693 ὀλαλοδς
363 3619 444 3683 κατὰ
464 3625 518 3701 τῆς
536 3624 589 3700 γῆς
617 3624 807 3704 παροίχομαι.
846 3626 919 3707 Quo
944 3637 1041 3708 pacto
1064 3627 1280 3689 Blomiieldii

224 3713 374 3770 acumine
400 3727 469 3766 non
503 3728 583 3787 opus
616 3729 686 3768 esse
715 3721 855 3791 apparet.
911 3712 1044 3771 Etenim
1080 3711 1180 3773 lectio
1217 3714 1279 3789 γῆς

225 3796 380 3853 correctio
408 3799 459 3850 est
483 3795 588 3852 critici
616 3797 749 3870 antiqui.
765 3796 910 3857 moribus
939 3806 972 3855 et
1000 3799 1132 3875 iugenio
1155 3796 1280 3857 Blom·

222 3876 329 3937 fieldii
358 3873 528 3941 simillimi.
552 3906 595 3924 ·-
627 3878 747 3945 Docte
777 3878 886 3940 locum
923 3885 1055 3962 exponit
1083 3877 1197 3943 Schol.
1230 3881 1278 3945 A.
