2717 4600
605 153 875 217 -162-

150 330 153 336 ’
222 343 339 423 pressis
358 341 476 412 verbis,
508 344 556 401 ite
576 350 615 400 nt
632 357 702 397 non
729 335 1075 419 videatur-qmerere.
1118 336 1260 418 Namque

225 447 299 483 cum
318 430 472 507 perpauci
494 435 623 485 tantum
643 427 712 482 sint
732 425 938 504 superstites,
964 426 995 481 ei
1014 423 1134 481 Xerxes
1159 425 1197 483 iu
1221 427 1260 481 iie

153 542 168 555 ›·
193 520 196 535 ‘
226 522 425 580 numeretur,
454 514 606 569 nuntium
628 508 669 568 de
688 503 804 565 iisdem
824 509 986 567 monitum
1003 509 1087 587 regis
1114 508 1195 585 prae
1214 527 1261 566 ce-

229 597 308 653 teris
335 593 589 664 recordaturum,
614 602 703 655 recte
729 590 853 670 colligit
876 587 1002 651 Atosse.
1067 584 1125 648 Sin
1151 589 1263 654 obierit

225 680 292 758 jam
311 698 375 748 rer,
397 677 551 737 etiamid
573 698 611 737 er
628 676 723 736 brevi
742 673 949 733 redeuntium
975 675 1120 756 catalogo
1147 675 1262 734 intelli-

228 772 284 840 get
309 765 419 821 statim
434 765 539 837 ‚auxia
568 770 681 820 mater.
745 758 819 839 Quo
845 768 941 838 pacto
970 780 1055 837 quee
1081 762 1184 838 primo
1212 758 1263 818 ad·
1312 820 1318 829 J

227 856 340 925 spectu
362 847 475 905 scabre
497 845 584 905 dicta
605 844 766 917 videntur,
795 845 973 901 accuratius
993 863 1152 922 perpense
1179 845 1263 923 inge-

229 933 321 989 nium
342 940 376 989 et
396 933 590 1010 sapientiam
608 938 724 1009 poetae
741 932 860 986 iterum
880 927 1032 1006 produnt.
1046 960 1090 972 —
1131 927 1203 997 „De
1215 923 1265 984 καὶ

230 1017 277 1072 sic
297 1018 404 1093 posito
424 1014 501 1076 vide
513 1004 648 1075 Person.
673 1013 714 1071 ad
729 1012 897 1071 Phoeniss.
921 1007 1151 1076 i373.·Herod.
1175 1009 1263 1080 I,1i.

228 1093 302 1179 φέρε
319 1090 441 1157 ἀκούσω
469 1094 528 1175 τέῳ
549 1094 601 1157 καὶ
627 1091 733 1174 τρόπῳ
752 1089 993 1176 ἐπιχειρήσομεν.“
1032 1094 1085 1153 Ita
1097 1094 1266 1177 Blomfiel·

229 1181 312 1243 dius.
333 1182 494 1253 Porsenus
509 1203 627 1262 nempe
648 1192 736 1241 recte
754 1179 907 1250 ostendit,
929 1175 988 1237 καὶ,
1003 1190 1078 1257 post
1095 1183 1266 1259 interroga·

226 1269 295 1327 tiva
311 1270 392 1346 poni
412 1287 451 1325 ea
470 1265 719 1346 significatione,
738 1275 776 1323 ut
795 1265 836 1333 de
856 1284 942 1324 nove
960 1262 1101 1342 quadam
1123 1284 1159 1323 re
1178 1285 1265 1345 praes

227 1360 277 1408 ter
294 1354 385 1433 prius
410 1353 558 1431 quaesita
584 1354 701 1409 certior
724 1348 807 1410 velit
833 1347 907 1408 fieri
931 1350 970 1423 is,
997 1349 1056 1427 qui
1084 1352 1266 1428 interroget.

225 1430 326 1513 Quod
346 1432 411 1493 huc
431 1432 607 1515 pertinere
621 1443 763 1515 apparet.

313 1576 346 1620 v.
366 1555 439 1621 265.
479 1556 532 1619 Ab
559 1557 665 1621 forme
693 1558 809 1620 Jonica
826 1550 984 1638 ἀρχελενος,
1007 1579 1065 1639 pro
1086 1554 1193 1617 Attica
1212 1550 1268 1639 ἀρ-

228 1636 335 1722 χίλεως
366 1664 471 1722 quam⁴
499 1646 669 1723 usurparit
701 1639 897 1720 Aeschylus,
933 1642 1127 1703 defendatur
1163 1647 1268 1702 omnis

229 1730 379 1789 mutatio,
396 1727 480 1791 Rob.
503 1727 601 1788 lectio
618 1720 773 1808 ἀρχελάων
789 1747 861 1791 uon
879 1727 1105 1804 dubitandum,
1124 1729 1207 1805 quin
1227 1730 1270 1786 sit

225 1814 384 1873 eorrectio
411 1821 468 1870 aut
489 1811 627 1871 ,editoris
652 1822 709 1875 aut
737 1811 820 1873 alius
848 1815 962 1872 critici.
1007 1812 1146 1870 Fallitur
1172 1815 1268 1890 igitur

227 1893 464 1965 Blemiieldius,
496 1898 555 1973 qui
574 1915 647 1954 eam
675 1915 734 1975 pro
762 1899 905 1975 genuine
922 1893 1069 1959 habitam
1091 1899 1128 1955 in
1148 1907 1267 1955 textum

227 1983 360 2057 recepit.
403 1979 509 2059 Magis
529 1996 606 2039 vero
628 1979 853 2051 Blomfieldius
876 1991 970 2049 errat,
1002 1979 1092 2060 quod
1117 1978 1266 2061 deprava·

230 2067 354 2122 tionem
373 2066 470 2123 istam
499 2067 597 2123 etiam
623 2063 811 2124 Scholiastis
842 2063 1010 2140 adscribit3
1038 2085 1115 2124 nam
1137 2061 1180 2121 Aa
1205 2065 1264 2121 τῶν

226 2139 405 2229 ἀρχιλεάον]
429 2146 528 2207 Λαάν
553 2141 714 2224 ἀρχόντων.
743 2140 873 2217 Ἄλλως.
911 2151 984 2208 Τῶν
1012 2142 1170 2229 βασιλέων,
1201 2140 1261 2204 ἀπὸ
1334 2180 1337 2188 -

227 2231 285 2327 roi
306 2249 374 2376 {gg
399 2223 483 2292 lucie
497 2227 612 2313 ἀρχαν.
641 2233 678 2292 Β.
702 2253 778 2294 vero
809 2235 874 2294 sic:
901 2226 1075 2316 ἀρχελείων]
1099 2226 1267 2311 Ἡγεμόνων

311 2424 406 2485 Licet
424 2423 533 2485 Schol.
556 2425 593 2484 B.
611 2435 645 2485 et
667 2424 751 2485 duae
772 2424 862 2484 editt.
881 2435 966 2486 vett·
978 2419 1014 2496 <ic
1030 2419 1063 2485 τ’
1087 2425 1271 2497 exhibeant,

229 2508 288 2570 elii
306 2508 385 2568 libri
406 2517 439 2567 et
463 2509 530 2570 leci
546 2528 661 2570 seusus
684 2502 755 2567 ὅστ’
777 2508 971 2591 efflagitant.

310 2628 448 2704 v.,271.1
481 2625 561 2713 παρ’
598 2624 693 2699 ἀκτὰς
715 2655 756 2676 ·-⁶
777 2626 933 2709 Σιληνίων.
961 2634 1070 2696 Schol.
1096 2636 1134 2697 B.
1170 2639 1274 2697 inter·

250 2725 387 2778 rotatur:
411 2710 557 2794 Σηλήνιαι
582 2708 720 2787 αἰγιαλός
741 2710 805 2774 ἐστι
824 2717 877 2793 τῆς
904 2713 1078 2797 Σαλαμῖνος
1105 2714 1189 2779 οὕτω
1216 2741 1275 2780 να-

226 2738 376 2879 intueor.
397 2798 529 2872 Λέγεται
549 2792 651 2857 δὲκαὶ
684 2792 827 2876 Τρόπαια
847 2797 957 2884 Ἄκρα,
981 2798 1023 2873 ὡς
1052 2798 1215 2874 Φιλόξενος
1243 2802 1275 2864 ἓν

227 2885 273 2964 τῷ
291 2879 360 2967 περὶ
370 2877 496 2962 λιμένων
505 2880 627 2965 ἱστορεῖ.
648 2882 772 2943 Eadem
786 2883 867 2957 fere,
878 2887 935 2947 sed
953 2899 1102 2970 corrupte
1113 2889 1223 2950 Schol
1231 2886 1274 2954 A.

310 3037 342 3078 r.
363 3010 436 3083 272.
482 3017 585 3080 Voces
603 3010 704 3106 πληγῇ
723 3010 815 3101 δορὸς
839 3030 998 3082 commate
1019 3043 1039 3082 a
1056 3024 1275 3101 sequentibus

227 3105 370 3187 seperari
389 3104 538 3183 ineptum
560 3111 618 3162 est.
854 3151 858 3162 .
989 3109 993 3121 '

246 3229 249 3238 “
310 3248 341 3293 v.
363 3222 437 3293 273.
480 3226 653 3298 „Imitetur
680 3228 890 3289 Homericum
919 3231 1024 3303 istud,
1061 3218 1087 3289 oi
1114 3225 1225 3309 πόποι,
1255 3219 1277 3309 ἦ

224 3305 302 3392 μάλ’
324 3307 456 3395 ἐλαφρὸς
478 3305 563 3393 ἀνήρ,
586 3305 627 3380 ὥς
647 3308 713 3393 ῥεῖα
733 3312 884 3394 κυβιστᾷέ(
925 3316 1161 3379 Blomfieldius.

299 3466 341 3511 τ.
362 3438 434 3511 274.
479 3440 705 3503 Blomfieldius
731 3438 872 3526 ἀριστεὺς
903 3451 1031 3531 scripsit
1057 3469 1115 3530 pro
1134 3442 1280 3529 ducerer,

227 3533 343 3590 merito
372 3530 518 3590 offensus
548 3526 755 3608 copulatione
764 3529 912 3592 'duorum
939 3533 1171 3612 adjectivorum
1201 3530 1281 3608 ἀρι-

228 3629 301 3680 στος
320 3608 471 3691 ἰθαγενής,
490 3633 630 3692 quorum
653 3612 790 3671 alterum
810 3635 869 3695 pro
884 3618 1086 3680 substantivo
1110 3637 1184 3678 ease
1219 3616 1281 3676 de·

215 3695 316 3755 beet.
358 3698 423 3757 Sed
449 3718 518 3757 non
547 3699 728 3756 necessaria
753 3698 882 3759 videtur
908 3707 1056 3771 mutatio,
1081 3722 1140 3782 per
1165 3722 1205 3761 se
1235 3700 1282 3759 li·

227 3790 280 3837 cet
304 3781 491 3858 probabilis.
554 3782 636 3841 Nam
670 3779 813 3842 faciliori
845 3790 972 3848 ratione
997 3786 1177 3848 difficultas
1214 3785 1284 3845 illa

225 3872 333 3942 petent
351 3869 511 3930 remoueri
530 3863 806 3947 interpuugeudoz
1335 3891 1336 3934 3
