2717 4600
202 365 333 456 schylus
352 385 413 452 per
434 370 487 427 tot
505 363 571 444 jam
590 363 692 429 lustra
713 364 826 430 lucem
846 363 1051 453 salutemque
1066 374 1242 452 exspectat,

203 483 353 562 subinde,
381 480 549 546 indefesso
567 481 703 577 interim
729 481 838 549 studlo
858 489 979 569 po‘e‘tae
1001 481 1242 562 incumbentes,

135 688 140 697 ,
191 594 317 701 ¹magis¹
329 597 499 686 magisque
526 597 694 679 fibfipmati
720 619 845 665 sumus.
895 597 1117 673 Decrevimus
1144 599 1242 686 igitur

201 741 307 783 unam
319 717 444 783 ,saltem
460 712 785 805 sabulam'Aeschyli
808 706 981 799 communi
997 714 1107 781 studio
1129 738 1243 782 recen

201 837 302 903 sitam
321 816 364 897 'et
391 831 586 896 illustrarem
617 832 726 931 edere,
748 822 797 897 'ut
815 832 968 899 virorum
988 832 1168 898 doctorum
1190 854 1242 898 ex·
1353 850 1357 859 ’

200 953 388 1041 Ρειίταῐιιπ
412 948 542 1029 iudicia
587 950 755 1041 Elegimus
784 961 902 1043 aptam·
926 950 1050 1026 Persas,
1082 948 1240 1029 fabulam,

148 1086 159 1099 '
200 1089 271 1135 non
290 1068 403 1135 solum
423 1065 578 1135 omnibus
599 1067 724 1153 poetici
746 1064 931 1155 splendoris
950 1066 1131 1131 luminibus
1151 1067 1242 1131 miri·
1287 1068 1290 1077 “

200 1185 264 1252 fiee
290 1185 490 1262 distinctam,
513 1182 661 1271 nuliqne
689 1208 729 1249 ex
759 1174 933 1250 communi
956 1182 1164 1263 Graecarum
1191 1184 1242 1248 lit-

200 1314 350 1368 terarum
363 1300 533 1387 naufragio
548 1280 723 1387 superstiti,
738 1325 781 1366 ne
796 1300 946 1366 dicamus
966 1298 1164 1387 tragoediae,
1181 1301 1240 1365 sed

198 1418 348 1510 poemati
371 1390 520 1513 omninp,
545 1419 826 1509 postponendam,
852 1417 911 1481 sed
939 1415 1042 1491 etiam
1067 1426 1111 1481 et<
1130 1438 1241 1483 emen·-

191 1535 335 1602 ·datione
359 1546 393 1625 et
413 1533 630 1620 explicatione
650 1556 732 1623 prae
759 1533 893 1622 reliquis
910 1546 1071 1622 egevem.
1095 1531 1240 1619 *Quam-

199 1653 347 1743 primum
367 1651 472 1738 igitur·
488 1661 579 1715 certa
608 1650 706 1714 nobis
736 1651 828 1715 stetit
853 1649 1017 1714 sententia
1042 1646 1135 1714 haud
1161 1675 1240 1716 cun-

200 1781 331 1837 ctanter
346 1767 564 1854 remaggredi
584 1766 766 1854 coepimus.
807 1764 964 1855 Undique
977 1765 1124 1855 collecto
1139 1777 1173 1831 et
1192 1767 1239 1832 di·

188 1898 291 1977 gesto
313 1894 476 1972 apparatu
497 1884 614 1971 critim
636 1883 774 1972 quisque
794 1885 948 1949 nostrum
968 1906 1031 1971 pro
1053 1907 1088 1948 se
1106 1906 1183 1969 suos
1204 1884 1239 1971 in
1268 1916 1273 1922 ·

86 2022 89 2029 “
196 2004 363 2079 fabulam,
379 2000 639 2068 commentarios
663 2000 868 2095 corgscripsit,
908 2000 965 2090 qui
1001 2000 1120 2067 deinde
1151 2000 1239 2067 inter

190 2144 260 2203 nos
289 2116 529 2186 communicati
560 2117 688 2207 largam
710 2117 808 2183 nobis
844 2117 1034 2207 disputandi
1063 2118 1238 2209 materiem

186 2238 430 2327 praebuerunt.
465 2234 562 2305 ΡῊίηο
585 2256 647 2325 per
668 2235 752 2302 duos
775 2258 881 2324 paene
904 2258 1010 2300 annos
1031 2235 1150 2300 Persae
1172 2257 1239 2299 ser·
1308 2221 1315 2227 i

110 2333 118 2352 ⁶
194 2380 338 2426 monum
367 2353 517 2442 quotidie
542 2353 613 2440 fere
640 2354 813 2420 internos
840 2352 1034 2444 habitorum
1059 2349 1139 2418 lacti
1161 2363 1239 2418 sunt

194 2485 439 2560 argumentum,
469 2491 575 2557 quum
600 2493 670 2533 non
694 2470 729 2531 in
748 2469 873 2534 Museis
898 2468 1008 2531 solum
1029 2468 1159 2546 nostris,
1178 2471 1237 2536 sed

189 2591 282 2658 inter
309 2586 551 2652 ambulandum
578 2607 712 2674 quoque
738 2585 838 2649 verba
858 2582 1046 2650 laceremus
1068 2586 1237 2654 dePersis

192 2703 392 2793 Aeschyleis,
413 2678 540 2789 reipsa
562 2724 624 2768 nos
644 2723 708 2789 per
726 2702 878 2790 innatam
904 2723 998 2766 suam
1024 2702 1237 2770 dulcedinem

194 2820 335 2890 mirifice
357 2818 529 2886 alliciente·
573 2819 651 2904 Quo
674 2818 883 2898 lactum-est,
905 2831 950 2897 ut,
973 2818 1057 2912 licet«
1071 2819 1166 2883 initio
1189 2821 1236 2886 di-

147 2979 151 2992 ·
192 2926 399 3004 ‘versissimas
416 2957 513 3022 saepe
539 2934 583 2998 de
606 2935 831 3012 difficiliorum
861 2935 1015 3003 locorum
1035 2937 1178 3004 lectione
1200 2949 1236 3004 et

194 3053 410 3146 explicatione
437 3050 665 3118 habuissemus
701 3054 896 3131 sententias,
933 3053 1081 3143 ,denique
1108 3068 1251 3150 tamen,

193 3194 298 3276 quum
319 3169 396 3236 satis
416 3170 452 3234 in
470 3181 648 3259 utramque
673 3184 806 3257 partem
836 3182 921 3235 esset
945 3171 1158 3258 disputatum,
1181 3175 1232 3248 ,ad

193 3287 391 3355 sententiam
413 3288 582 3378 quandam
610 3288 868 3376 perveniremus,
894 3312 990 3376 quae,
1021 3310 1041 3352 a
1065 3291 1231 3378 primitiva

192 3405 362 3494 utriusque
383 3404 540 3492 opinione
559 3404 705 3496 multum
722 3404 857 3484 diversa,
880 3407 1012 3493 utrique
1033 3416 1147 3471 tamen
1167 3407 1231 3472 sus·

190 3521 313 3589 liceret.
354 3499 396 3586 ld
426 3523 516 3609 quod
540 3543 796 3610 spemquoque
816 3524 914 3588 nobis
934 3522 1022 3601 lacit,
1051 3534 1098 3601 ut,
1125 3547 1230 3611 quum

190 3640 274 3726 nibil
304 3637 546 3740 qcripseri'mus‚
584 3639 676 3727 quod
704 3662 774 3704 non
802 3642 847 3706 ob
874 3640 967 3706 omni
993 3650 1088 3729 parte
1114 3641 1227 3708 sedulo

179 3755 476 3851 'porpendissemus
503 3756 664 3846 variisque
694 3757 971 3847 disputationibus
997 3756 1226 3846 ,agitassemus
