2717 4600
482 197 751 266 ...ψ

113 367 266 456 danaprin
307 373 513 455 Quamquam
536 382 706 433 accentum
718 368 804 430 male
820 367 1146 452 posuitScholiastes,

114 483 174 540 qua
194 480 229 520 re
246 457 461 519 Schneiderus
482 463 519 517 in
538 477 678 517 errorem
699 455 880 536 implicitus
899 464 959 521 est,
970 464 1009 512 ut
1025 471 1147 525 vocem,

114 566 193 623 quae
213 541 311 602 nihili
333 565 403 606 essa
423 542 563 612 videtur,
591 539 668 600 binc
696 541 799 599 lexico
821 560 880 600 sno
902 538 1055 598 inferreti
1081 533 1149 597 dru-

112 623 247 710 pciprtorg
269 638 367 706 atque
389 632 426 687 in
448 647 487 687 eo
508 636 593 686 errat
614 631 772 706 interpres
797 645 938 705 graecus,
966 621 1054 702 quod
1084 617 1151 682 δια-

112 711 218 793 μαρτία
237 733 296 793 per
318 715 507 791 synaeresin
535 714 655 770 mutari
681 729 776 791 posse
804 708 906 792 credit
931 712 967 767 in
990 702 1151 787 ᾶαμαρτία,

113 798 170 857 hoc
192 799 303 856 tamen
318 817 354 855 ex
374 801 443 856 eius
465 805 542 856 nota
563 795 681 864 elucet,
702 798 877 874 genuinam
892 792 1068 871 lectionem
1084 786 1152 850 dac·

112 880 219 961 μαρτία
242 881 344 941 latere
365 884 402 939 in
423 879 474 940 his
486 880 688 961 'corruptelis
708 872 859 955 δαμάρτια
873 873 919 935 'et
947 870 981 937 d’
1010 870 1153 958 ἁμάρτια.

114 965 222 1025 Lectio
244 975 352 1024 autem
373 958 573 1042 ἁμαρτήματα
596 960 974 1044 pro‘intarpretamento
1003 958 1154 1022 habenda

64 1078 66 1083 ·
114 1062 170 1110 est.
213 1048 338 1129 Quodsi
357 1069 431 1127 ergo
454 1041 619 1129 διαμαρτία
637 1053 710 1126 jure
735 1051 918 1126 recepimus
947 1067 984 1105 or
1009 1050 1152 1106 metricis

115 1134 251 1212 aliisque
271 1133 452 1192 rationibus
481 1124 581 1207 διάγοι
606 1132 747 1190 scribere
774 1134 878 1191 coacti
903 1129 1024 1189 sumus.
1060 1130 1155 1190 Patet

115 1222 200 1278 enim
219 1216 417 1298 singularem
439 1216 482 1275 ob
505 1208 666 1297 διαμαρτία
688 1218 786 1275 unice
805 1233 1020 1289 verumesse,
1048 1214 1157 1295 plura·

114 1303 178 1362 lem
197 1301 386 1382 corruptelis
405 1291 538 1380 ἁμάρτια
552 1309 613 1360 etc.
632 1299 753 1360 deberi.
782 1297 865 1358 Inde
877 1302 1036 1376 sequitur,
1055 1302 1154 1358 etiam
1203 1371 1208 1378 .

117 1379 221 1463 διδίμα
241 1405 309 1444 non
329 1378 437 1461 δίδυμα
463 1384 574 1444 locum
598 1383 655 1443 hic
682 1382 813 1443 habere.
856 1383 964 1441 Aliam
990 1395 1158 1463 praeterea
1233 1453 1237 1456 Δ

118 1470 158 1528 ad
178 1490 312 1534 manum
332 1465 489 1528 habemus
509 1470 764 1547 rationemque
782 1460 944 1547 διαμαρτία
965 1485 1033 1527 non
1051 1464 1178 1528 solum'

120 1551 334 1621 defendimus,
356 1551 414 1613 sed
437 1556 536 1626 etiam
557 1552 831 1614 commendamus.
873 1552 1008 1610 Numeri
1036 1556 1096 1632 qui
1122 1556 1160 1612 in

117 1639 249 1699 vocibus
277 1640 365 1696 inest
392 1637 563 1719 elegantia,
589 1658 676 1716 quae
706 1641 807 1714 oritur
836 1656 874 1695 er
905 1635 1032 1714 syllaba
1066 1631 1098 1697 ὃν
1122 1641 1158 1696 in

118 1720 204 1781 thesi
226 1725 433 1802 anapaestica
452 1732 502 1781 ter
522 1725 661 1803 repetita
682 1720 784 1801 idque
802 1724 839 1782 in
860 1723 902 1779 iis
919 1723 1066 1792 vocibus,
1086 1726 1159 1801 qui·

119 1808 179 1866 bus
197 1807 373 1888 plurimum
394 1809 631 1867 enuntiationis
657 1805 787 1889 pondus
814 1805 1034 1876 continentur,
1064 1809 1159 1868 nobis

120 1890 252 1969 quidem
275 1905 311 1950 ac
332 1911 497 1971 speramus
521 1892 687 1964 omnibus,
703 1894 763 1969 qui
789 1894 875 1950 tritis
899 1891 1031 1950 auribus
1062 1901 1161 1952 utun·

19 1996 21 2000 ¹
117 1985 182 2045 tur,
202 1970 421 2056 pulcherrima
440 1996 510 2035 esse
531 1976 661 2037 videtur
686 1979 891 2053 maximeque
916 1974 1045 2035 arridet.
1090 1977 1162 2038 Mo·

119 2058 264 2118 nendum
293 2063 392 2117 etiam
421 2070 479 2131 est,
507 2063 575 2117 tin
595 2054 760 2135 διαμαρτία
790 2068 943 2117 accentus
974 2080 1046 2140 ope,
1073 2060 1163 2138 quod

119 2148 157 2201 in
184 2142 305 2201 talibus
333 2161 491 2220 perquam
522 2152 572 2201 est
597 2146 764 2211 usitatum,
800 2142 947 2222 produci.
1003 2145 1162 2205 Consules

120 2226 232 2284 Herm.
261 2224 302 2282 ad
328 2222 492 2305 Aristoph.
516 2226 555 2284 N.
578 2245 610 2286 v.
629 2217 726 2286 lOOd.
755 2227 807 2286 De
828 2229 940 2285 metris
964 2248 997 2311 p.
1019 2225 1070 2288 81.
1093 2249 1162 2309 seq.

122 2309 227 2369 Elem.
248 2307 348 2368 doctr.
379 2320 472 2368 metr.
494 2332 527 2390 p.
550 2305 601 2369 56.
629 2320 663 2370 et
687 2309 778 2390 Epit.
807 2310 907 2370 doctr.
936 2322 1028 2371 metr.
1057 2335 1088 2394 p.
1110 2312 1162 2375 35.

123 2415 192 2472 seq.
215 2425 258 2437 —
297 2391 462 2452 Postremo
488 2394 618 2452 subtilis
643 2398 779 2474 optativi
801 2416 888 2465 usus,
918 2417 1018 2474 quem
1045 2401 1082 2457 in
1104 2396 1165 2459 hoc

122 2478 196 2537 loco
229 2476 454 2558 apprehendis,
477 2478 639 2537 notandus
663 2489 722 2538 est.
766 2479 799 2537 Is
828 2478 943 2539 modus
968 2484 1004 2539 ln
1030 2482 1167 2560 obliqua

20 2628 21 2645 ρ
123 2565 220 2640 quasi
239 2565 386 2620 oratione
405 2567 531 2642 positus
552 2574 612 2633 est,
635 2583 713 2621 nam
736 2574 811 2623 ante
832 2563 863 2621 τί
880 2557 950 2623 rotie
972 2570 1168 2646 cogitatione

124 2644 277 2727 suppleas
298 2638 370 2715 λέγε.
414 2645 504 2705 Calai
521 2645 619 2709 huius
643 2657 741 2707 notae
769 2647 916 2707 addimus
944 2668 1003 2709 nos
1031 2656 1169 2723 nescire,

123 2729 210 2873 grpppli
226 2733 269 2788 sit
289 2721 403 2787 didrot'
422 2729 477 2790 vel
498 2720 625 2807 nayoa’,
643 2730 732 2810 quod
751 2752 955 2841 proposuere.
969 2738 1073 2797 critici
1089 2756 1171 2798 non·

80 2925 94 2941 ”
211 2948 241 2988 v.
259 2922 332 2988 634.
376 2928 525 2990 Notanda
544 2945 546 2949 ’
563 2943 612 2991 est
645 2933 739 2992 elisio
771 2932 918 3011 syllabae
949 2955 982 2993 αι
1014 2939 1051 2995 in
1087 2937 1169 3018 perf.

125 3033 209 3095 pass.
233 3012 328 3072 Conf.
352 3012 492 3074 Lobeck.
512 3014 553 3074 ad
573 3012 743 3097 Sopbsdj.
763 3037 795 3098 p.
813 3010 886 3084 427.
908 3019 1028 3080 Buttm.
1047 3021 1100 3080 Gr.
1126 3040 1171 3102 gr.
1258 3018 1267 3043 l

130 3096 231 3177 ampl.
251 3117 283 3176 p.
308 3092 379 3163 127.
401 3096 553 3158 Schneid.
575 3100 627 3158 De
649 3100 725 3159 dial.
746 3121 778 3180 p.
799 3097 851 3161 33.
873 3124 943 3181 seq.
964 3115 998 3162 ot
1020 3126 1104 3182 quae
1126 3107 1173 3164 di·

128 3192 185 3240 cta
210 3190 288 3240 sunt
313 3180 354 3240 ad
377 3201 407 3241 v.
432 3178 502 3241 150.
554 3182 664 3263 Quare
689 3179 860 3260 ἐξέφθινται
887 3187 1078 3247 interlinere
1106 3209 1174 3250 non

130 3286 215 3347 opus
237 3275 308 3324 erat
327 3264 542 3326 Blomfieldio.

189 3418 248 3473 ,ιη
271 3390 342 3457 635.
389 3394 493 3457 Valde
519 3397 684 3459 flaccescit
717 3405 819 3462 oratio
847 3412 880 3462 et
909 3402 1005 3463 futile
1031 3404 1176 3466 redditur

129 3491 284 3549 metrum,
305 3483 334 3539 si
355 3475 421 3550 νᾶες
449 3476 536 3550 ἄναες
555 3485 623 3552 νᾶες
648 3484 775 3564 legitur.
816 3486 902 3545 Tum
928 3487 1086 3548 librorum
1110 3512 1178 3550 ma·

129 3568 184 3646 jor
207 3569 479 3637 acuminatum
500 3565 637 3627 alacrior
661 3573 897 3629 sententiarum
919 3575 1074 3643 incessus,
1104 3585 1176 3639 tum

108 3662 111 3665 “
130 3653 269 3708 metrica
284 3652 365 3708 ratio
385 3653 586 3730 scripturam,
610 3674 709 3731 quarn
732 3652 934 3714 exhibuimus
951 3655 1096 3737 adoptari
1110 3681 1178 3721 non

134 3732 274 3802 suadent
292 3733 412 3803 solum,
429 3733 486 3793 sed
510 3734 692 3817 efflagitant
713 3742 822 3803 ettam.
849 3736 927 3799 Post
940 3739 1076 3801 alterum
1091 3740 1178 3814 ἄναες

134 3818 397 3901 interrogationis
427 3821 555 3899 signum
584 3826 762 3902 posuimus,
792 3832 825 3882 et
850 3823 1037 3905 supplemus
1067 3827 1108 3886 ad
1128 3834 1177 3888 to-

134 3908 210 3957 tum
230 3897 292 3960 hoc
313 3901 411 3962 κῶλον
432 3923 452 3963 a
469 3907 694 3986 superioribus
711 3905 752 3987 τί,
773 3910 820 3967 ita
842 3917 880 3969 ut
904 3907 1000 3990 epodl
1024 3910 1106 3972 haec
1134 3915 1177 3975 ait
