2717 4600
509 200 558 242 ·.··
608 186 678 255 213
727 198 777 216 ····

81 386 83 389 >
121 376 175 415 cos
188 353 333 433 denique
344 374 455 416 versus
477 354 671 437 politissima
684 367 717 419 et
736 355 973 440 perfectissima
993 364 1061 415 arte
1078 355 1163 415 inter

121 461 156 500 se
177 457 337 499 connexos
360 450 436 498 ante
456 440 568 501 oculos
589 441 755 501 habemus.
796 439 929 501 Accedit
958 437 1046 517 quod
1076 438 1163 498 solu-

119 528 227 583 tiones
247 523 427 601 longarum‚
456 529 693 584 contractiones
710 525 859 586 brevium
878 524 1075 604 syllabarum
1095 542 1162 581 sae·

118 612 249 688 pissime
276 610 510 667 inveniuntur..
551 607 654 687 Atqui
680 608 853 690 perorandi
880 609 1062 667 sublimitas
1085 626 1160 664 cum

118 696 154 749 in
177 693 327 749 omnibus
340 691 480 771 strophis
492 692 671 772 largissime
690 698 844 776 suppetit,
855 702 926 751 tum
940 696 977 750 in
991 688 1094 771 epodo
1119 689 1159 748 ad

117 772 478 854 maximumnfestigium
498 777 655 840 evehitur.
695 778 879 855 Exquisitas
905 796 981 839 vero
1010 793 1106 835 voces
1126 782 1160 842 et

116 879 202 922 novo
224 877 305 917 ausu
321 860 558 939 conglutinatas
572 862 787 945 apprehendis
801 861 914 922 hasce=
934 857 1070 937 μεγαυχῆ,
1082 875 1160 924 παν-

114 935 236 1017 τάλαν’,
258 936 399 1021 Acoeten,
419 938 523 1024 βαλήν,
548 940 707 1020 eumdum,
723 942 814 1020 ἔσκεν,
838 935 1016 1016 rastil-ulcr,
1036 933 1159 1013 δυνάτα,
1239 931 1267 1013 ’,
1340 997 1341 1000 ,

115 1021 286 1104 διαμαρτία,
312 1021 409 1095 ἄναες.
462 1029 544 1088 Prae
569 1033 684 1088 ceteris
714 1040 822 1088 autem
847 1023 914 1097 hoc
942 1027 1157 1099 observamus,

114 1121 255 1191 poetam,
278 1113 370 1168 cuius
392 1111 585 1194 excellentes
607 1115 746 1173 virtutes
765 1111 827 1172 boc
848 1110 920 1171 loco
940 1114 1104 1191 suspicere
1126 1116 1159 1166 et

114 1198 261 1256 maximis
283 1193 399 1254 efferre
417 1194 569 1254 laudibus
592 1216 651 1255 nos
673 1194 775 1268 decet,
799 1199 927 1255 enisum
948 1214 1027 1266 esse,
1040 1203 1078 1252 ut
1098 1212 1157 1276 pue

114 1299 266 1356 quaeque
288 1282 324 1335 in
346 1278 419 1337 loco
442 1278 689 1350 collocarentur,
718 1290 756 1338 ut
776 1278 862 1339 nihil
881 1277 1081 1357 superfluum
1103 1296 1157 1356 ap·

113 1371 251 1442 pareret,
285 1372 322 1420 ut
355 1383 518 1439 nusquam
552 1368 787 1424 sententiarum
815 1365 924 1423 eximii
954 1361 1158 1424 tabescerent

115 1446 249 1504 colores.
299 1445 394 1523 Quae
421 1467 495 1505 cum
513 1449 561 1505 ita
580 1451 666 1518 sint,
695 1452 823 1508 criticos
851 1449 1047 1506 recentiores
1075 1442 1156 1501 alios

115 1529 180 1588 alio
201 1529 364 1588 aberrasse
384 1529 484 1590 facile
502 1542 551 1590 est
570 1531 752 1596 intellectu.
794 1532 944 1607 Namque
964 1549 1038 1587 cum
1057 1526 1157 1585 libro-

114 1632 187 1671 rum
208 1611 395 1692 adjumento
414 1619 542 1674 sincera
561 1617 660 1676 lectio
681 1619 871 1694 ubicunque
893 1615 1022 1673 restitui
1041 1612 1156 1690 possit,

115 1706 154 1755 ut
181 1700 235 1756 vir
263 1719 361 1757 unam
391 1695 611 1778 conjecturam
636 1702 802 1779 subrogari
828 1718 908 1779 opus
938 1700 989 1768 sit,
1015 1693 1156 1753 editores

114 1784 187 1854 aeui
208 1785 310 1841 nostri
330 1793 438 1864 partes
460 1804 534 1842 suas
552 1789 713 1864 peregisse
734 1781 949 1850 crediderunt,
968 1782 998 1837 si
1011 1777 1156 1837 salebras

112 1867 312 1934 invenirent,
331 1867 390 1924 ubi
408 1867 600 1948 planissima
621 1871 767 1940 eretria,
791 1878 824 1927 et
844 1866 963 1924 fluctus
979 1865 1155 1922 excitarent

111 1952 148 2007 in
169 1949 320 2029 simpulo.
368 1949 494 2029 Quods‘i
515 1972 589 2034 ergo
609 1939 807 2014 maculatum
830 1959 881 2012 eet
899 1946 1155 2028 pulcherrimum
1196 1963 1199 1972 ¹

111 2031 266 2111 Aeschyli
296 2033 462 2102 melicum,
489 2033 525 2093 id
551 2039 685 2094 nonnisi
713 2035 910 2096 futilissimis
937 2033 1155 2089 recentiorum

111 2120 308 2193 conjecturis
331 2122 589 2176 contaminatum
609 2128 749 2197 apparet
794 2118 894 2174 Cuius
921 2118 969 2172 rei
995 2112 1078 2172 duae
1096 2132 1155 2192 po-

111 2204 275 2258 tissimum
298 2219 413 2257 causae
433 2202 470 2257 in
491 2210 619 2281 promtu
640 2211 728 2259 sunt.
771 2195 883 2258 Altera
903 2208 963 2264 est,
985 2195 1074 2274 quod
1094 2198 1155 2253 eri·

112 2287 171 2342 tici
188 2285 356 2342 metricam
376 2286 536 2344 rationem
559 2306 627 2344 non
646 2287 724 2343 satis
737 2293 937 2365 perspectam
958 2279 1155 2350 habuerunt,

114 2368 216 2426 altera
244 2366 333 2444 quod
360 2372 461 2427 totius
487 2368 602 2428 cantus
631 2388 763 2449 scopum
786 2378 819 2426 et
840 2374 1064 2445 argumentum
1084 2382 1154 2422 non

112 2453 199 2510 bene
227 2463 453 2531 cognoverant.
494 2453 577 2512 Nam
603 2451 692 2531 quod
718 2454 856 2519 maxime
882 2450 1040 2518 dolemus,
1071 2467 1154 2507 non·

113 2535 189 2593 dum
212 2556 250 2594 eo
273 2547 465 2615 perventum
486 2547 536 2596 est
558 2537 644 2616 apud
665 2557 737 2607 nos,
765 2547 802 2597 ut
824 2545 998 2612 antequam
1025 2530 1066 2591 ad
1086 2551 1153 2591 rne-

111 2630 235 2679 trorum
262 2618 500 2689 ordinationem
524 2629 699 2697 textusque
733 2621 955 2680 elimationcm
986 2614 1153 2675 accedere·

111 2725 195 2773 mus,
216 2723 350 2763 sensum
368 2703 526 2773 locorum,
540 2705 738 2783 singularem
759 2724 870 2764 eorum
891 2700 1035 2763 indolem
1055 2699 1152 2758 alias·

112 2808 189 2864 que,
219 2807 304 2864 quae
331 2807 380 2858 eo¹
394 2798 542 2866 spectant
566 2792 719 2861 rationeS,
745 2792 877 2868 penitus
905 2778 1151 2865 exploraremus
1229 2848 1234 2861 ἱ

113 2868 289 2946 animoque
310 2880 542 2950 reputaremus·
588 2871 692 2951 Quasi
712 2892 780 2930 non
801 2869 958 2952 penderet
979 2868 1019 2927 ab
1042 2869 1082 2925 iis
1103 2886 1153 2924 re·

112 2955 174 3012 bus
195 2972 244 3011 ars
263 2955 403 3013 critical
427 2954 530 3034 Quasi
552 2955 646 3018 aliter
675 2976 714 3016 ea
735 2955 833 3038 digna
856 2963 951 3022 esset,
978 2970 1064 3029 quae
1084 2959 1152 3007 tam

32 3106 36 3111 .
112 3037 277 3119 praeclara
295 3040 421 3115 ingenii
443 3038 550 3098 divini
570 3049 782 3098 monumenta
805 3036 1066 3118 amplecteretur!
1087 3030 1151 3092 Sed

112 3121 195 3180 haec
216 3119 385 3180 hactenus.
427 3120 461 3179 Si
482 3124 519 3179 in
538 3121 746 3202 praeluslone
765 3132 875 3181 nostra
895 3119 1006 3201 paullo
1025 3117 1151 3194 longio-

112 3226 164 3265 res
187 3216 221 3264 et
242 3205 421 3264 acerbiores
433 3205 515 3265 facti
534 3208 647 3273 simus,
663 3225 778 3266 causae
792 3208 904 3285 ipsius,
919 3221 1018 3281 quam
1037 3199 1151 3260 defen-

113 3289 229 3362 dimus,
252 3288 430 3368 amplitudo
453 3310 513 3348 nos
530 3289 703 3350 excusabit.
737 3289 866 3369 'Nempe
895 3287 1021 3347 disertis
1042 3283 1150 3344 verbis

113 3370 344 3433 declarandum
371 3382 451 3442 erat,
477 3372 641 3452 quomodo
670 3376 780 3433 omnia
806 3373 974 3432 baberent.
1014 3362 1067 3425 Ad
1096 3363 1151 3423 de-
1190 3414 1199 3431 .

113 3460 322 3537 scriptionem
336 3468 512 3520 metrorum
530 3456 811 3539 transgrediamur,
834 3467 868 3519 et
890 3454 929 3516 ad
944 3450 1151 3532 singulaexa·

111 3540 278 3601 minanda.

354 3656 492 3741 Stropha
514 3671 549 3721 et
568 3657 769 3740 antistropha
795 3659 909 3739 prim‘a.

271 3781 915 3822 !.!l!!!!!

262 3830 394 3859 -νυ-
440 3828 748 3861 -υυ-.-υυ-
794 3827 924 3875 -νγ-

485 3869 499 3903 r
659 3868 670 3902 Ι

451 3914 602 3943 ,-υνυ
648 3917 708 3934 --·
