2717 4600
492 131 942 201 .·-r'a6·-.

237 346 241 351 ·
297 333 327 378 v.
347 310 398 382 lb.
434 307 563 383 smirne
585 322 623 379 in
653 312 776 379 ιιύαισι
792 317 1016 400 corrigendum
1042 338 1113 379 esse
1133 321 1254 400 primns

212 403 316 461 sensit
335 401 512 462 Hermann.
536 406 573 462 ln
586 402 691 463 Elem.
711 402 812 465 doctr.
832 415 925 463 metr.
947 424 979 483 p.
1001 399 1052 463 53.
1067 403 1070 409 ’
1083 403 1257 463 Restaura·

211 490 279 542 tam
299 485 475 547 lectionem
503 490 575 547 iura
597 487 793 568 adoptarunt
816 486 960 562 Botheus
988 498 1022 547 et
1040 485 1255 548 Weilauerus.

210 567 265 625 De
287 573 377 628 vocis
399 573 582 648 quantitate
602 569 643 629 cf.
663 572 810 632 Passovii
825 568 899 631 Lex.
921 566 966 651 gn'
987 569 1019 632 h.
1030 591 1062 630 v.
1086 571 1254 632 Blomfiel·

211 649 285 709 (lius
304 655 434 712 κυανοῦν
452 657 582 733 scripsit
597 654 821 735 Phrynichum
844 654 997 734 allegans.
1036 653 1153 732 Neque
1177 675 1254 717 vero

116 756 131 811 ὴ
210 734 293 796 vidit
323 752 360 795 ex
387 734 563 815 Phrynichi
587 736 660 799 loco
685 730 815 797 κυαισῦι
851 742 983 799 atticam
1017 738 1153 816 quidem*
1184 759 1254 800 csse

209 816 345 878 formam
368 824 488 891 evinci,
515 819 548 881 h.
567 820 589 880 l.
611 833 721 883 autem
748 843 821 883 cam
844 819 1058 904 cooptandam
1088 841 1159 881 esse
1185 835 1254 883 non
1279 815 1284 819 ¹

210 906 328 964 evinci.
365 903 415 967 Ne
440 924 513 966 eam
537 908 752 989 approbemus
780 906 927 987 syllabae
952 910 1077 988 primae
1101 896 1254 983 mensura

114 1030 116 1038 ι
208 994 308 1051 vetat.
1049 1010 1066 1027 ·“

293 1089 324 1132 v.
343 1064 394 1136 78.
431 1065 510 1152 ”Apo
537 1094 575 1133 er
599 1073 694 1135 libris
724 1074 892 1136 nonnullis
908 1077 1113 1158 recepimus.
1151 1074 1254 1137 Litte-

208 1172 278 1215 ram
297 1154 512 1218 maiusculam
529 1163 628 1243 etiam
647 1159 944 1245 scholia'prorlunt.

292 1301 323 1342 v.
342 1276 394 1347 79.
433 1282 496 1344 Pro
525 1279 564 1344 cil
591 1304 635 1355 τις
660 1289 860 1355 restituimus
888 1287 1037 1346 omnium
1059 1305 1253 1346 monumen·

206 1374 315 1423 torum
334 1366 433 1426 lectio
455 1363 543 1438 οὔτις.
586 1370 680 1450 Quae
708 1374 745 1429 in
764 1374 881 1429 nostris
905 1370 1139 1451 exemplaribus
1161 1374 1253 1437 inve·

209 1453 308 1534 nitur,
329 1449 496 1520 Brunckii.
519 1454 608 1533 quod
625 1458 836 1538 suspicamur,
867 1456 999 1534 ingenio
1022 1452 1167 1515 debetur.

644 1599 810 1662 Mesodus.

400 1840 424 1864 .
471 1794 532 1861 11
579 1793 711 1867 ..ιι
757 1792 932 1882 ..μιν
967 1770 1062 1864 φῖ.

205 2212 330 2275 Horum
349 2232 503 2275 versuum
524 2219 658 2289 quartus
680 2218 731 2269 cst
751 2211 920 2279 iambicus,
947 2214 1062 2291 positis
1085 2216 1121 2272 in
1143 2217 1249 2294 prima

205 2298 337 2382 dipodia
355 2299 556 2379 anaepaestis
576 2316 634 2377 pro
657 2295 786 2365 iambiS,
815 2294 928 2373 quales
953 2315 1064 2357 versus
1090 2320 1249 2442 saepenu-

204 2406 293 2445 mero
312 2384 420 2443 solent
437 2385 556 2440 ionicis
578 2400 596 2438 a
616 2383 737 2438 minori
756 2377 839 2451 addi,
865 2379 941 2438 vide
959 2380 1046 2441 infra
1070 2405 1100 2443 v.
1124 2382 1143 2442 8
1167 2428 1173 2442 .
1196 2380 1247 2442 92.

205 2480 239 2528 et
263 2468 397 2527 consule
425 2466 607 2526 Hermanni
634 2462 740 2522 Elem.
757 2459 872 2522 doctr.
899 2474 992 2524 metr.
1018 2465 1076 2526 lib.
1098 2468 1143 2527 ll.
1175 2461 1245 2549 cap.

204 2547 257 2613 39.
284 2562 360 2611 sect.
388 2547 439 2611 23.
469 2569 501 2629 p.
523 2545 597 2607 2198.
640 2546 683 2605 In
710 2545 852 2605 secundo
881 2568 976 2607 vorsu
1002 2545 1140 2620 εὐπετσῦς
1173 2573 1247 2610 curn

203 2636 347 2695 Porsono
379 2645 412 2694 et
435 2631 554 2691 Blomf.
584 2630 758 2711 legendum
783 2633 845 2688 erit
862 2634 903 2713 ei,
934 2635 993 2709 qui
1012 2635 1097 2696 nolit
1118 2655 1247 2693 mecum

204 2724 348 2800 recipere
368 2720 476 2798 Mosq.
499 2728 533 2775 et
553 2714 590 2774 L.
610 2713 701 2774 codd.
723 2713 910 2790 lectionem,
937 2718 1085 2796 vulgatae
1109 2709 1256 2787 εὐπετέσι

203 2804 315 2861 multis
336 2802 524 2866 nominibus
544 2798 791 2879 praeferendam
813 2793 962 2868 εὐπετέως.
1000 2802 1049 2861 Ne
1077 2825 1176 2881 quem
1197 2803 1245 2862 of-

202 2886 319 2946 fendat
339 2890 376 2944 in
397 2889 493 2944 tertio
515 2904 612 2966 versu
625 2886 804 2944 contractio
825 2881 961 2942 duarum
979 2885 1129 2947 brevium
1146 2888 1242 2966 sylla-

202 2972 318 3044 barum
341 2974 377 3029 in
400 2967 488 3032 thesi
514 2969 631 3039 ionici,
648 2972 742 3048 juvat
764 2966 883 3027 afferre
901 2968 1048 3050 Euripid.
1069 2970 1184 3031 Bacch.
1206 2991 1237 3031 v.

202 3052 255 3117 81.
281 3054 331 3116 etl.
355 3054 477 3134 Mnsgr.
552 3059 555 3068 ’
618 3063 631 3092 ²
702 3107 708 3118 ,
923 3126 926 3131 ,
991 3097 996 3108 .

498 3136 594 3214 κισσῷ
618 3153 650 3195 τε
671 3131 881 3211 aaronem.
1027 3135 1035 3152 '
1112 3147 1115 3160 ⁴

201 3240 256 3297 cui
276 3232 451 3318 respondet
472 3230 724 3315 antistropbicus
742 3251 774 3293 v.
793 3227 846 3296 97.

498 3325 666 3411 χρυσέαισιν
686 3321 850 3407 συνερείδει.

200 3430 285 3492 Vide
316 3430 356 3490 de
384 3426 448 3489 hoc
478 3404 618 3490 molossi)
651 3436 819 3507 praeterea
852 3425 960 3487 Herm.
997 3426 1102 3488 Elem.
1140 3419 1241 3488 doctr.

199 3526 293 3578 metr.
315 3515 372 3574 lib.
394 3513 438 3573 II.
462 3533 489 3574 c.
511 3509 563 3571 38.
585 3520 662 3570 sect.
687 3511 718 3572 2.
741 3532 773 3589 p.
794 3503 867 3570 [165.
901 3506 1006 3570 Audio
1029 3513 1156 3590 aliquos
1175 3511 1243 3574 da-

200 3612 299 3669 mare,
325 3597 414 3678 quoii
437 3597 511 3658 sibi
530 3594 704 3655 indulserit
730 3592 919 3676 Euripides,
948 3615 1016 3654 non
1042 3595 1156 3655 decere
1179 3591 1244 3653 Ae·
1334 3640 1338 3643 >

178 3681 360 3776 ptbhylurn,
389 3692 423 3756 et
447 3680 587 3740 multum
612 3677 744 3738 differre
767 3682 983 3757 antiquiorem
1004 3679 1202 3760 tragoediam
1222 3699 1243 3737 a

178 3770 389 3845 'recentiore
433 3766 476 3824 At
504 3763 606 3824 nolim
634 3761 761 3841 aliquos
790 3774 868 3823 nota
893 3761 954 3820 hac
974 3761 1159 3822 Hermanni
1185 3762 1245 3821 ob·

113 3853 120 3876 '
160 3885 165 3894 ·
199 3854 392 3926 servatione,
412 3867 512 3928 quam
532 3845 739 3931 tamcn'ipse
760 3858 872 3910 auctor
899 3850 986 3927 justo
1011 3846 1184 3910 latioribus
1201 3845 1251 3918 fis
1340 3904 1347 3918 ,
