2717 4600
510 180 780 246 ..157-

122 356 211 417 dicat
233 357 323 415 enim
343 351 401 424 nil,
424 354 489 412 nisi
510 356 605 432 aequi
629 371 719 413 nunc
751 372 800 423 ee,
830 370 915 430 quae
943 352 1019 409 aare
1043 348 1163 408 relatu-

123 461 195 501 rum
217 460 253 499 se
270 436 472 524 praedixerat
495 442 641 499 nuntius.

186 620 189 625 ,
207 546 360 624 Sequitur
383 564 513 603 carmen
527 544 762 614 dochmiacum,
776 544 930 600 trimetris
947 542 1095 601 iambicis
1115 544 1167 597 in·

12 638 20 643 “
122 641 314 710 terruptum,
336 649 373 687 ex
389 646 501 686 eorum
522 648 639 709 genere
662 627 843 706 dequibus
865 626 1042 706 disputavit
1062 623 1165 682 Lach-

121 735 261 774 mannus
283 714 335 771 De
358 710 497 770 choricis
519 723 650 791 system.
672 713 731 771 lib.
754 712 798 774 ΙΙ.
820 730 889 791 cap.
915 707 953 769 15
975 732 1007 792 p.
1027 705 1068 767 86
1096 730 1165 787 seq.

122 799 315 858 Dochmiaci
347 815 459 856 versus
484 797 693 877 praevalent,
726 800 772 855 ita
800 806 912 854 tamen
938 805 976 854 ut
1004 813 1166 853 nonnum·

123 904 223 962 quam
251 880 403 939 admistos
429 878 573 940 habeant
599 885 802 960 antispastus.
854 881 1024 938 Caeterum
1051 887 1166 936 notatu
1239 928 1241 933 .

114 967 257 1053 ¹dignum
279 976 337 1038 est,
358 963 446 1042 quod
467 964 546 1024 duas
567 966 682 1024 breves
702 964 843 1043 syllabas
857 966 901 1020 ‘in
910 967 1076 1045 principio
1099 981 1166 1020 car-

124 1054 223 1111 minis
250 1052 418 1109 invenisse
447 1069 514 1107 nen
544 1051 697 1107 meminit
728 1048 944 1106 Hermannus,
981 1048 1029 1106 ef.
1059 1047 1165 1106 Elem.

126 1137 226 1198 doctr.
253 1144 344 1194 metr.
372 1153 404 1212 p.
428 1127 501 1196 278.
555 1132 671 1209 Neque
705 1130 829 1190 duabus
854 1131 1009 1191 brevibus
1033 1132 1192 1211 syllabis

126 1219 276 1279 dochmin
296 1219 480 1298 praemissis
507 1234 646 1294 usquam
678 1215 766 1293 quod
785 1218 866 1273 sciat
886 1210 1015 1295 longam
1037 1237 1170 1298 respon·

127 1302 203 1362 dere
221 1312 333 1360 monet
353 1300 441 1359 idem
466 1300 490 1360 l.
512 1322 537 1358 c.
557 1321 589 1381 p.
610 1296 683 1361 281.
727 1296 769 1358 At
795 1309 971 1380 utrumque
999 1311 1109 1361 nostro
1132 1303 1169 1360 in

130 1390 273 1469 carmine
301 1383 594 1466 comprehenditur.

301 1614 303 1621 J
373 1537 510 1622 Siropha
531 1550 565 1603 et
585 1538 786 1624 antistropha
811 1545 925 1625 prima.
1028 1610 1029 1613 Ἴ

105 1868 203 1933 „Alia
229 1888 327 1949 quam
350 1871 446 1952 vulgo
465 1871 512 1937 ‚fit
538 1877 665 1932 ratione
697 1884 800 1934 metra
827 1872 1009 1938 describere
1035 1876 1170 1959 placuit.
1213 1856 1216 1865 .

131 1957 224 2036 Quae
244 1961 331 2017 enirn
352 1977 505 2017 versuum
534 1955 718 2019 distributio
743 1958 783 2017 ab
806 1958 993 2022 Hermanno
1022 1964 1077 2023 De
1104 1987 1172 2024 me·

99 2050 106 2060 “
130 2044 188 2099 tris
210 2063 242 2120 p.
265 2034 327 2100 254
347 2041 525 2109 exhibetur,
555 2046 664 2101 minus
692 2053 767 2121 apta
787 2063 858 2101 esse
878 2044 1015 2106 videtur.
1059 2048 1108 2106 Αἲ
1135 2048 1173 2108 αἳ

131 2129 239 2185 verior
260 2125 424 2184 scribendi
446 2127 540 2193 ratio,
571 2145 665 2201 quae,
690 2137 726 2182 ut
749 2146 786 2183 er
807 2126 931 2187 Butleri
954 2142 986 2189 et
1006 2134 1172 2194 Blomfiel·

132 2208 179 2266 dii
199 2208 329 2266 silentio
350 2208 502 2285 colligere
518 2207 606 2280 licet,
629 2212 727 2267 etiam
749 2211 786 2265 in
805 2220 882 2270 vett.
897 2213 989 2271 libris
1010 2229 1173 2276 exstat-s-
1257 2264 1263 2273 ,

135 2284 280 2352 Νιότοκα
301 2292 430 2365 (saltem
453 2283 578 2349 ιεοτόκα
601 2314 671 2352 esse
687 2292 839 2366 debebat)
861 2299 1046 2362 emendatio
1065 2312 1114 2361 est
1133 2305 1174 2362 li·

131 2377 244 2445 brarii,
274 2379 332 2453 qni
361 2380 398 2433 in
428 2389 509 2434 voce
534 2370 673 2446 νεόκοτος
702 2398 760 2458 pro
791 2376 857 2446 νέος
880 2380 1028 2444 ‘adhibita
1058 2386 1173 2452 haesit.

132 2459 196 2517 Sed
218 2459 331 2518 eadem
351 2462 490 2520 varietas
511 2466 671 2540 reperitur
691 2462 778 2542 Sept.
801 2462 871 2521 adv.
892 2466 996 2527 Theb.
1019 2464 1090 2538 785,
1116 2474 1175 2531 nbi

41 2563 45 2568 ·
134 2543 211 2604 vide
234 2544 464 2603 Wellauerum.
510 2545 680 2604 Caeterum
702 2547 812 2604 locum
838 2551 1174 2633 sicinterpunrimus:

133 2623 194 2687 ἄνι’
226 2623 295 2685 ἄνια
314 2620 404 2701 κακά,
429 2619 555 2687 νεόκοτα
576 2625 628 2687 καὶ
646 2622 721 2704 δάϊ’,
749 2627 785 2686 αἳ
812 2625 867 2688 αἴ(
901 2630 1048 2716 Accipias
1076 2660 1173 2719 porro

134 2706 207 2772 δάῖα
225 2732 282 2792 pro
313 2713 527 2782 substantivo,
553 2723 587 2772 et
611 2718 658 2773 ita
683 2714 791 2773 locum
813 2729 996 2779 convertas:
1029 2725 1174 2791 „Tristia

133 2798 240 2853 tristia
260 2793 355 2868 mala,
378 2807 477 2872 atque
495 2797 643 2856 inaudita
662 2798 806 2866 hostilia,
825 2801 948 2860 vaeh!“
970 2806 1063 2865 Male
1085 2813 1174 2867 enim

135 2878 280 2958 epitheta
316 2884 467 2960 ornantia
501 2882 617 2961 copula
651 2878 704 2941 καὶ
730 2888 948 2962 conjunxisset
980 2887 1173 2972 Aeschylus.

137 2961 231 3019 (lons.
259 2961 484 3021 Hermannum
515 2964 567 3023 De
597 2965 665 3025 diff.
693 2988 808 3047 prosae
841 2979 873 3030 et
900 2983 986 3052 poet.
1020 2981 1176 3036 orationis

136 3046 212 3104 diss.
231 3044 256 3102 l.
302 3044 366 3105 .31
391 3067 457 3124 seq.
481 3057 513 3105 et
535 3047 576 3107 ad
596 3048 693 3130 Orph.
714 3050 800 3108 Lith.
822 3050 873 3113 81.
895 3056 1021 3118 Jacobs.
1040 3058 1178 3129 Anthol.
1245 3041 1251 3053 .

136 3151 180 3209 gr.
201 3128 259 3194 111,
276 3066 306 3187 2.
334 3150 363 3209 p.
382 3127 454 3188 210.
481 3130 627 3191 Erfurdt.¹
656 3133 696 3193 ad
723 3134 818 3214 Soph.
847 3134 957 3221 Antig.
985 3131 1020 3223 p]
1041 3143 1113 3211 587.
1134 3178 1179 3192 -

136 3214 178 3270 ln
201 3209 401 3293 antistropha
423 3214 462 3272 ad
482 3211 555 3272 Ald.
576 3215 657 3298 qu.
678 3228 711 3276 et
725 3219 824 3278 Turn.
847 3221 946 3282 fidem
966 3235 1041 3305 post
1057 3221 1177 3306 ἐφάνθη

137 3302 406 3377 interpunximus,
433 3309 507 3378 post
529 3304 663 3379 γεραιοῖς
694 3323 819 3363 comma
847 3313 1060 3370 exstinximus.
1104 3312 1177 3392 Quo

136 3392 232 3463 pacto
256 3388 288 3440 et
311 3392 450 3440 metrum
468 3382 640 3463 pulchrius.
657 3387 791 3459 incedit,
812 3399 845 3449 et
858 3379 972 3452 sensus
988 3397 1180 3456 concinnior

136 3462 185 3525 fit.
233 3465 361 3526 Vertas:
386 3464 495 3535 „Sane
522 3467 681 3546 longaeva
707 3470 825 3533 haecce
852 3478 920 3535 vita
947 3482 1104 3557 apparuit,
1132 3484 1180 3541 ita

139 3561 177 3608 ut
199 3551 331 3608 senibus
354 3549 433 3607 talis
451 3554 614 3631 insperata
636 3554 801 3615 calamitas
826 3559 986 3619 audienda
1005 3563 1081 3625 sit.“
1123 3564 1179 3623 In·

138 3632 304 3695 finitivum
336 3654 412 3693 vero
447 3630 565 3695 ἀκούειν
605 3649 693 3697 recte
729 3640 883 3721 explicuit
914 3643 1179 3707 Wunderlichius

141 3716 216 3775 Obs.
244 3739 276 3797 p.
304 3710 374 3777 194.
419 3718 477 3777 Sin
506 3742 580 3780 cum
607 3716 729 3800 ἐφάνθη
760 3736 932 3785 connectas
961 3735 1100 3809 γεραιοῖς,
1121 3753 1179 3791 cur

140 3802 273 3860 senibus
290 3801 448 3882 longaeva
475 3807 520 3863 sit
547 3805 628 3865 haec
648 3811 728 3878 vita,
752 3829 819 3867 non
842 3811 893 3869 ita
910 3811 1008 3872 facile
1029 3821 1178 3895 percipis.

142 3881 234 3962 Quae
255 3896 362 3945 autem
382 3898 492 3950 nostra
513 3900 563 3952 est
580 3895 811 3974 interpunctio,
834 3913 913 3956 voce
929 3905 1061 3979 γεραιοῖς
1081 3901 1181 3981 expli·
