2717 4600
593 176 644 191 -
695 109 767 210 ero
816 117 866 190 -2-

208 333 286 395 libri
306 339 436 417 antiqui
453 337 589 397 retineri
606 332 734 412 luent.
755 326 898 392 Brunck.
921 326 964 392 ed
975 328 1058 390 ose.
1073 326 1142 387 Col.
1154 317 1255 387 1486.

204 414 289 498 ‘civile
312 442 349 480 ex
366 422 436 482 sola
465 420 586 482 Aldina
617 419 793 487 revocavit,
819 416 907 475 Pors.
926 408 1008 493 ’ἀνὴρ
1036 412 1137 486 dedit,
1163 408 1272 491 quod-

210 510 246 565 in
264 499 339 587 ἀνὴρ
360 508 498 567 mutavit
516 500 633 562 Elmsl.
657 500 699 559 ln
714 499 851 561 Bacchis
869 492 942 560 119.
963 498 1022 558 ubi
1041 496 1142 557 haecz

338 593 480 682 ’πολᾏῶν
499 592 534 659 δ’
562 589 614 656 δ’δ’
636 589 714 678 ἀνὴρ
732 587 900 675 θαυμάτων
918 590 983 674 ἥκει
1003 586 1109 663 πλέως.

210 710 418 854 {liepnpppps
439 703 517 789 ἀνὴρ
536 709 670 776 correxit
692 724 735 766 ne
756 708 879 767 monito
898 703 1034 786 quidem
1050 702 1185 768 lectore.
1212 699 1260 760 In

245 809 264 856 θ
280 839 288 855 .
396 837 405 855 .

255 967 258 972 ¹
317 883 459 974 ποδαπὸς
489 881 524 949 d’
552 877 602 948 ὅδ’
622 879 711 968 ἀνήρ,
732 881 790 949 καὶ
807 878 905 949 πόθεν
935 879 1060 966 κατέσχε
1078 881 1150 965 pin

214 998 249 1052 et
269 990 306 1054 ln
325 987 379 1053 El.
403 980 461 1049 492

316 1069 318 1076 ¹
362 1076 399 1161 viu
422 1075 537 1143 οὔποτ’
565 1075 645 1163 ἀνὴρ
665 1074 716 1141 ὅδε
736 1072 871 1160 (σύνοιδέ
892 1097 945 1158 μοι
964 1070 1108 1160 Κύπρις).

215 1176 422 1242 defendenda
442 1181 580 1241 suntab
599 1182 692 1239 omni
713 1176 894 1260 corrigendi
914 1180 1053 1258 pruritu.
1097 1174 1187 1234 Hinc
1208 1191 1262 1231 aa·
1338 1199 1339 1208 ¹

214 1267 258 1323 tis
278 1274 432 1343 putamus
453 1264 607 1339 efficitur,
619 1266 710 1326 vocis
730 1256 809 1342 ἀνὴρ
821 1265 963 1343 priorem
980 1260 1141 1339 syllabam
1158 1260 1262 1317 etiam
1338 1315 1339 1340 ,

214 1357 265 1406 tra
288 1351 346 1408 'cis
374 1352 481 1430 poetis
518 1352 697 1428 ancipitem
727 1346 852 1418 fuisse,
882 1347 1149 1422 verissimamque
1186 1359 1261 1400 esse

215 1369 444 1494 Vallkenaerii
467 1430 509 1492 ad
532 1430 645 1512 Eurip.
664 1430 788 1491 Phoen.
814 1424 906 1491 1650.
926 1431 1124 1511 opinionem,
1144 1434 1262 1506 poetas

216 1510 339 1575 Atticos
361 1536 420 1599 pro
438 1516 549 1576 lubitu
569 1520 708 1597 primam
728 1518 766 1574 in
788 1507 865 1592 ἀνὴρ
893 1515 1086 1653 corripssrisse
1112 1509 1168 1570 vel
1187 1527 1264 1591 pro·

218 1596 355 1660 duxisse.
398 1599 588 1660 Adsentitur
614 1601 718 1659 etiam
739 1595 954 1658 Schneiderus
1012 1616 1033 1655 e
1053 1593 1127 1654 dial.
1149 1614 1182 1674 p.
1206 1585 1263 1672 49,

218 1702 287 1761 seq.
315 1703 382 1743 uno
409 1693 539 1743 tannim
567 1682 713 1764 exemplo
745 1702 833 1742 usus.
862 1712 906 1726 -
950 1679 1103 1761 Spurium
1137 1698 1209 1738 esse
1243 1673 1264 1754 ἦ

136 1779 147 1800 ·
221 1775 299 1825 ante
326 1760 415 1841 φίλος
441 1763 536 1846 ὄχθος
563 1769 688 1847 primus
720 1764 954 1827 animadvertit
977 1761 1150 1826 Arnaldus.
1198 1761 1264 1821 Re·

220 1852 374 1926 ctissime,
392 1853 608 1930 quoniamae
627 1853 785 1910 exstincto
803 1848 1021 1930 pulcherrima
1042 1843 1262 1927 antistrophae

220 1931 332 1992 evadit
352 1954 403 1995 res
427 1937 530 1998 onsio.
570 1931 724 1996 Novem
751 1936 849 1994 nimis
873 1932 1017 2013 religiosi
1042 1935 1079 1992 in
1104 1931 1260 1990 librorum

220 2019 380 2096 scriptura
403 1956 606 2092 linereamus,
644 2016 918 2085 commonendum
945 2027 1005 2087 est,
1035 2016 1144 2075 locum
1167 2014 1258 2073 hunc

219 2101 258 2162 ln
277 2105 407 2181 optimis
434 2105 514 2183 ipsis
540 2106 761 2170 monumentis
788 2100 885 2160 foede
913 2099 1145 2183 interpolatum
1163 2100 1253 2157 inve·

220 2185 297 2245 niri.
341 2184 434 2264 Quae
455 2186 495 2245 ad
512 2184 722 2246 retinendum
742 2184 921 2266 particulae
946 2173 967 2261 ἦ
993 2183 1132 2268 protulit
1150 2181 1257 2240 Butle-

220 2285 288 2339 rus,
308 2278 346 2329 ut
364 2268 564 2341 refellamus,
590 2289 708 2353 operae
734 2290 802 2343 non
822 2272 964 2351 pretium
993 2278 1051 2329 est.
1094 2266 1263 2327 Glossema
1339 2285 1340 2288 ¹

222 2372 294 2413 esse
314 2345 418 2429 τάφου
435 2364 510 2435 post
530 2349 634 2432 ὄχθος,
655 2355 714 2414 alii
734 2359 799 2434 jam
820 2354 1058 2415 intellexerunt.
1091 2349 1212 2429 Neque
1229 2349 1264 2409 id

223 2442 370 2516 agnoseit
393 2437 499 2499 Schol
522 2439 561 2498 B.
606 2439 690 2500 Voci
716 2434 812 2516 ὄχθος
832 2447 998 2581 punctum
1027 2436 1136 2499 lenius
1166 2436 1266 2515 adpo·

222 2531 360 2581 suerunt
386 2520 525 2583 editores
553 2525 627 2587 essi
653 2527 766 2584 nostri.
813 2521 831 2581 l
877 2521 1090 2583 suadentibus
1112 2531 1145 2581 et
1165 2539 1267 2582 sensu

223 2613 258 2664 et
276 2614 380 2666 metro
401 2609 438 2665 in
460 2625 586 2669 comma
607 2609 816 2671 mutavimus.

303 2720 401 2802 Quae
425 2742 493 2783 une
519 2742 616 2785 versu
651 2721 907 2804 complectimur,
937 2726 975 2782 in
999 2721 1081 2783 duos
1111 2719 1269 2803 dispescit

223 2803 443 2875 Hermaunus,
469 2809 529 2885 qui
555 2809 593 2879 in
616 2804 722 2867 Elem.
749 2804 848 2866 doctr.
876 2816 969 2867 metr.
994 2828 1026 2888 p.
1050 2798 1123 2872 711.
1151 2826 1268 2867 vocesz

224 2882 301 2961 oua
328 2883 389 2967 γὰρ
413 2885 551 2949 κέκευθεν
575 2884 639 2965 ἤθη
662 2909 721 2969 pro
745 2885 968 2953 Anaormeo
996 2891 1177 2971 descripsit.
1222 2891 1268 2951 At

225 2990 293 3029 uno
311 2981 484 3050 systemate
502 2969 761 3043 Anacreonteum
780 2995 855 3034 cum
875 2974 1070 3048 choriambo,
1099 2978 1181 3052 qula
1198 2995 1268 3035 me·

90 3093 97 3100 -
224 3062 311 3112 trum
332 3064 508 3135 utrumque
530 3056 656 3116 nullam
676 3055 777 3118 habet
789 3062 1023 3139 cognationem,
1044 3079 1111 3118 non
1126 3065 1266 3137 conjun-

225 3148 342 3198 xerunt
361 3150 488 3227 poetae.
531 3140 573 3197 In
597 3140 674 3203 edit.
691 3136 814 3214 Blomf.
833 3142 965 3222 Lipsiae
983 3147 1121 3224 repetita
1148 3136 1207 3224 ἤδη
1230 3146 1266 3209 ni

226 3219 372 3283 fallimur
392 3222 590 3367 zll'ffilfflm’
612 3246 680 3286 non
702 3226 834 3300 editoris
856 3236 914 3295 est.
944 3226 1124 3304 Reliquum
1145 3237 1206 3298 est,
1230 3236 1267 3285 ut

227 3320 397 3379 commone
414 3311 564 3382 aciamus,
584 3319 635 3369 ter
651 3314 804 3377 iteratum
824 3303 912 3387 φίλος
939 3309 1094 3370 excellere
1122 3311 1267 3391 pulchri·

225 3388 341 3454 tudine
368 3391 509 3471 quadam
535 3402 568 3451 et
596 3414 654 3475 pro
678 3398 727 3457 ria
758 3393 929 3474 elegantia,
962 3392 1052 3475 quod
1088 3395 1204 3465 itidem
1230 3399 1269 3453 in

148 3530 153 3541 ,
226 3470 312 3532 thesi
335 3472 553 3541 choriambico
574 3416 756 3551 edhilitum
778 3488 940 3560 appareat.

309 3626 341 3667 v.
360 3601 433 3677 610.
474 3610 516 3678 In
539 3630 642 3683 unum
664 3615 906 3692 conjugavimus
925 3629 1172 3689 versum,.quae
1193 3613 1269 3678 sine

227 3706 325 3747 causa
349 3693 386 3748 in
416 3691 496 3751 duos
521 3690 735 3754 distraxerunt
760 3695 966 3759 Hermannus
986 3695 1010 3753 l.
1033 3715 1074 3764 c.,
1103 3694 1270 3757 Porsenna

119 3816 128 3833 .
228 3781 264 3829 et
284 3771 471 3845 Schuetzius
492 3774 525 3838 2.
567 3775 641 3841 Alia
662 3782 760 3843 etiam
779 3784 891 3863 pejore
917 3782 1014 3847 metii
1042 3777 1271 3840 constituendi

228 3858 354 3922 ratione
371 3876 449 3923 usus
468 3868 520 3919 est
538 3859 646 3923 Herm.
660 3861 718 3923 ‘De
739 3866 849 3924 metris
865 3861 925 3927 Ill.
946 3885 977 3945 p.
998 3856 1069 3930 427.
1089 3896 1133 3910 -
1160 3863 1271 3923 Brun·
