2717 4600
587 184 903 252 Ι“·180““’.

210 374 297 436 vict.
326 360 392 427 diui
416 355 452 424 di
472 361 638 430 exhibent,
667 356 766 438 quod,
785 372 984 435 quamquam
1007 346 1041 412 δὲ
1062 356 1099 413 in
1121 353 1258 436 apodesi

212 457 380 601 iii‘fldr’
400 451 546 591 “iii
569 444 693 607 ἒέἷῖζ
705 436 1002 585 l‘ilf'rffinid
1023 435 1255 582 llgbpiffi'

279 583 286 599 ε
339 554 431 595 Sami.
510 564 513 568 ’
645 571 651 584 ·
696 566 704 587 e
778 546 804 584 ο4
992 564 1000 581 ο
1120 546 1138 583 Θ
1172 545 1192 581 0
1249 567 1258 583 0

214 623 298 684 Mid.
327 620 460 678 Excurs.
484 552 568 674 xlll
586 634 617 692 p.
640 604 711 675 111.
741 605 955 667 Schoemann.
982 606 1069 666 Diss.
1098 607 1139 667 de
1163 612 1260 667 sorti*-

214 712 305 768 ticne
332 701 421 784 judd.
452 719 503 781 up.
529 693 649 755 Athen.
668 715 711 775 p.
725 691 775 753 18.
818 690 1027 750 Sensss'este
1056 690 1259 770 „Postquam

214 811 292 854 vero
313 788 433 867 iunctis
453 802 617 842 remorum
636 775 900 860 percussionibus
921 773 1170 834 fremebundam
1190 796 1261 834 ma·

215 880 261 935 ris
288 871 410 932 undam
438 865 616 926 secundum
643 862 808 935 celeusma
834 859 1075 933 temerassent,
1110 854 1262 923 celeriter¹

217 974 330 1020 omnes
349 957 388 1012 in
409 962 620 1030 conspeetum
641 950 833 1008 uenerunt!
875 943 966 1002 Haec
979 942 1202 1024 adspersimus‚
1222 954 1263 1004 ut

218 1042 507 1102 demonstraremus
529 1033 664 1094 Perconi
685 1028 915 1089 emendatione
934 1021 1035 1085 ἔπειτα
1050 1028 1264 1109 supersedere

217 1144 314 1207 posse
340 1116 549 1196 Aeschylum.
600 1116 834 1177 Verumtamen
859 1113 987 1192 poetico
1017 1116 1160 1171 sermoni
1193 1130 1265 1172 rna·

244 1213 271 1267 ‘s
301 1206 456 1265 convenit
481 1199 628 1260 codicum
655 1199 752 1276 longe
777 1197 991 1277 plurimorum
1018 1195 1136 1255 lectio:
1170 1190 1266 1266 εὐθὺς

220 1229 262 1352 ll
301 1290 440 1349 Gravius
460 1305 534 1344 cum
556 1282 762 1343 Blomfieldio
783 1290 858 1361 post
876 1272 1070 1357 κελεύσματος
1089 1284 1267 1361 'interpun-

220 1380 333 1443 ximus.
382 1371 577 1447 conjunctio
606 1366 740 1444 quidem
764 1365 878 1443 logica,
916 1373 950 1423 et
971 1370 1057 1441 quae
1084 1362 1120 1423 er
1143 1385 1266 1444 prosae

220 1460 348 1538 legibus
374 1456 529 1514 orationis
549 1450 761 1517 desideratur,
791 1447 882 1508 deest
902 1454 997 1517 sane,
1027 1468 1112 1526 qnae
1139 1469 1191 1507 res
1214 1460 1267 1508 ta·

221 1563 300 1603 men
326 1548 494 1621 poetarum
517 1535 684 1616 p'auloque
707 1532 890 1592 sublimiori
920 1535 1084 1590 utentium
1112 1554 1267 1592 sermone

221 1628 352 1709 propria
390 1632 447 1681 est.
509 1618 593 1680 Inde
625 1613 690 1677 ἐπεὶ
724 1609 757 1674 δὲ
788 1617 1004 1696 grammaticis
1032 1615 1143 1676 deberi
1172 1637 1266 1698 aper-

221 1722 293 1771 tum
322 1717 382 1767 ests

306 1849 338 1894 v.
358 1824 430 1891 365.
465 1821 622 1884 ’Έπαισαν
642 1820 745 1901 ἅλμην.
787 1825 873 1884 Hoc
888 1843 999 1886 versus
1029 1826 1163 1885 initium
1186 1827 1266 1887 hinc

225 1920 341 1979 sumsit
359 1910 471 1993 Eurip.
492 1908 562 1990 Iph.
589 1906 629 1968 T.
653 1907 745 1970 1391.
790 1909 934 1968 Omnino
966 1920 1074 1970 autem
1099 1908 1158 1969 illa
1180 1911 1262 1993 apud

224 1998 415 2081 Euripidem
451 1996 592 2053 narratio
625 1992 666 2052 de
697 1994 957 2074 Sympleiadibus
994 1994 1072 2055 navi
1107 2000 1259 2076 superatis

224 2085 330 2145 multa
357 2095 431 2139 cum
457 2073 518 2137 hac
551 2087 661 2137 nostra
688 2078 811 2136 similis
837 2076 946 2138 habet.
995 2076 1145 2156 Namque
1169 2080 1255 2160 plura

227 2191 264 2231 er
284 2164 444 2244 Aeschylo
473 2166 506 2221 et
528 2159 687 2242 Sophocle
707 2172 892 2222 mutuatum
918 2181 989 2220 esse
1009 2156 1196 2244 Euripidem
1211 2183 1256 2221 sa·

225 2258 268 2315 tis
291 2261 415 2312 notum.
459 2241 595 2306 InAlc.
623 2265 654 2308 v.
674 2238 735 2308 154
753 2278 797 2291 -
820 2242 889 2308 196.
923 2246 1068 2307 imitatus
1089 2258 1140 2307 est
1157 2236 1262 2308 locum
1336 2224 1338 2264 Ι

226 2335 344 2398 Trach.
366 2354 398 2396 v.
419 2327 482 2393 896
503 2362 546 2375 -
567 2322 641 2391 942.

308 2484 340 2523 v.
359 2452 433 2526 367.
473 2455 517 2516 In
537 2455 628 2518 codd.
646 2469 698 2517 sat
718 2457 830 2518 multis
852 2460 992 2517 occurrit
1011 2450 1159 2528 εὐτάκτως
1179 2457 1267 2537 quod

227 2566 302 2607 curn
324 2537 533 2604 Blomfreldio
559 2542 797 2601 restituendum
830 2562 901 2601 esse
924 2546 1117 2602 censuimus.
1185 2545 1270 2602 Con·

227 2634 361 2690 structio
391 2619 538 2693 εὐτάκτως
563 2619 703 2701 ἡγεῖσθαι
728 2619 830 2701 κόσμῳ
857 2621 955 2705 „opto
977 2631 1102 2706 praeire
1131 2625 1270 2696 ordincf‘

114 2787 118 2798 κ
228 2714 317 2774 nihil
338 2712 447 2777 habet,
468 2706 558 2787 quod
575 2729 661 2778 eum,
689 2713 747 2785 qui
771 2709 912 2769 Graecae
934 2709 1065 2791 linguae
1090 2711 1178 2789 leges
1205 2711 1273 2769 cal·

227 2799 285 2870 let,
310 2795 465 2855 offendat.
515 2788 587 2851 Imo
615 2792 777 2871 elegantia
798 2797 1047 2853 constructionis
1065 2795 1151 2854 male
1173 2796 1274 2854 intel·

227 2884 314 2941 lecta
332 2879 522 2938 mutationis
546 2895 641 2934 cause
659 2876 762 2936 fuisse
787 2875 925 2938 videtur.
968 2877 1076 2938 Etiam
1098 2878 1207 2938 Schol.
1231 2877 1273 2944 A.

228 2957 376 3029 εὐτάκτως
396 2957 512 3038 legisse
533 2957 712 3020 verisimile
733 2967 791 3031 est.
815 2958 891 3019 dum
913 2961 1013 3021 verba
1033 2961 1129 3021 fecit:
1160 2959 1198 3026 τὸ
1225 2958 1275 3021 δε-

229 3041 292 3119 ξιὸν
310 3040 398 3124 κέρας
416 3037 468 3100 καὶ
486 3036 576 3119 μέρος
597 3038 634 3101 τὸ
660 3044 717 3102 τοῦ
740 3037 959 3123 &turnoaldus
985 3040 1062 3124 μετ’
1088 3041 1274 3117 εὐταξίας

227 3121 443 3212 προηγεμὸνευε
469 3135 495 3183 κ.
514 3141 540 3184 τ.
563 3119 591 3184 i.

310 3275 342 3316 v.
364 3248 436 3318 310.
477 3241 580 3319 παῖδες
607 3244 760 3329 Ἑλλήνων
794 3252 916 3315 dictum
949 3231 1000 3315 cst
1032 3254 1276 3333 περιφραστικῶς
1334 3273 1335 3278 “

228 3325 468 3483 ἒτιίῐὲἓῖἒῖῑὶνεὶ
488 3333 662 3479 ll'raeierut
695 3338 869 3400 Homerus:
901 3331 961 3409 υἷες
995 3332 1126 3419 Ἀχαιῶν.
1171 3339 1273 3400 conf.

311 3562 344 3609 v.
367 3537 441 3611 372.
486 3542 593 3604 Schol.
621 3543 657 3603 Β.
683 3538 734 3620 ἕδη
754 3558 841 3607 recte
870 3550 1008 3632 explicat
1034 3542 1077 3608 τὰ
1101 3542 1276 3624 ἀγάλματα.
1333 3509 1336 3652 l

167 3663 169 3667 ·
228 3628 303 3691 Non
323 3634 412 3690 enim
433 3629 575 3689 dubitari
596 3639 713 3710 potest,
737 3635 819 3708 quin
846 3632 908 3692 hac
933 3654 1013 3694 voce
1042 3643 1163 3692 statuas
1182 3634 1279 3694 Deo·

228 3733 300 3774 rum
323 3717 478 3794 insignire
498 3714 589 3773 soliti
608 3712 733 3771 fuerint
753 3715 876 3791 Graeci,
907 3717 986 3776 licet
1011 3716 1044 3775 id
1070 3728 1165 3797 neget
1186 3718 1278 3778 Her·
1333 3697 1336 3816 1

227 3818 368 3858 mannus
387 3797 427 3855 ad
448 3790 545 3878 Soph.
567 3798 618 3857 El.
640 3793 731 3857 1366.
767 3797 850 3861 Vide
872 3800 1007 3880 Dionys.
1027 3797 1101 3861 Ant.
1121 3802 1220 3861 Rom.
1245 3803 1276 3873 1,

227 3874 279 3949 47.
305 3882 399 3944 Tom·
415 3881 441 3942 1.
468 3901 501 3962 p.
524 3873 597 3952 191,
616 3873 647 3941 4.
671 3882 781 3943 ΒοίεΙι.
810 3883 933 3956 Αἰνείας
957 3879 1146 3968 παραλαβών
1162 3912 1205 3933 -·-
1230 3884 1278 3947 τὰ
