2717 4600
588 176 638 193 ...
693 154 773 228 152²
811 177 860 195 ..-

208 334 376 416 explicatio
408 337 489 398 baec
516 344 582 397 est:
611 333 734 405 „Paule
756 335 916 397 turbatior
944 343 995 395 est
1020 325 1243 391 sententiaeb

208 430 342 490 metum,
371 427 431 500 qui
462 419 599 481 Atossse
638 423 748 481 animo
779 420 1020 481 observabatur.
1077 411 1131 474 Sic
1159 415 1244 471 enim

208 502 294 564 forte
311 511 460 566 verterisz
480 505 593 576 „Haec
614 503 699 563 mihi
703 503 852 582 ⁴quidem
865 507 950 573 visu,
962 501 1056 561 vobis
1070 508 1179 556 autem
1193 516 1246 555 au·

208 587 279 646 ditu
300 590 473 650 metuenda
495 599 581 649 sunt.
624 589 735 658 „Bene
762 587 840 645 enim
865 584 1045 664 intelligitis,
1060 579 1165 675 filium
1186 599 1240 638 me·

208 693 271 748 um,
293 675 319 732 σι’
338 670 408 732 bene
430 695 491 734 rem
518 675 653 752 gesserit,
679 668 895 732 admirandum
920 667 1068 728 hominem
1097 680 1127 722 es
1155 663 1245 722 emm'·
1335 734 1336 749 ἵ

209 751 265 815 bus
292 756 323 815 ir'r
353 778 405 817 erc
428 753 569 838 futurum
592 764 690 816 ·csse.“
746 755 877 815 Deinde
909 751 1124 834 euphemismi
1149 750 1248 829 gratia
1335 758 1337 812 ;

209 844 405 900 sententiam
434 841 596 921 abrumpit
619 838 752 909 Atussa,
789 859 892 918 seque
922 848 955 897 et
983 837 1129 896 choricos
1154 852 1255 895 senes.

209 922 273 982 bec
292 924 408 984 saltem
430 924 563 993 solatur,
585 924 674 1004 quod
701 925 756 986 vel
776 924 863 983 male
887 931 1034 1001 regesta
1055 920 1175 978 Xerxes
1201 927 1248 975 ta·

210 1027 288 1066 men
317 1002 522 1078 ἀνυπεύθυνος
549 1014 619 1069 erit.
660 1009 779 1087 ltaque
796 1017 871 1090 post
900 1000 975 1085 ἀνὴρ
995 1008 1058 1064 erit
1086 1004 1248 1082 aposiope-
1326 1044 1334 1063 .

210 1094 286 1150 sis.“
326 1092 423 1172 Quod
442 1111 519 1154 vero
548 1092 590 1154 de
615 1094 839 1174 euphemismo
862 1101 896 1151 et
920 1088 1144 1151 consolatione
1172 1084 1249 1144 dicit
1337 1112 1338 1115 ¹

210 1174 372 1245 Butlerus,
394 1176 569 1239 absurdum
590 1197 672 1246 esse,
692 1177 758 1238 looi
779 1195 878 1236 nemus
905 1185 940 1234 et
960 1183 1122 1232 structura
1141 1179 1249 1251 aperte

211 1256 339 1320 decent.
382 1259 582 1320 Blemfieldii
601 1260 746 1337 denique
767 1264 954 1336 conjectura
974 1267 1024 1317 est
1050 1253 1117 1333 ἐμοί
1140 1272 1173 1313 τε
1192 1247 1250 1311 dei-
1319 1304 1321 1309 s

210 1337 288 1417 ματ’
306 1337 373 1402 ἔστ’
396 1338 476 1419 ἰδεῖν,
491 1339 557 1420 ὑμῖν
574 1338 606 1401 τ’
626 1338 753 1404 ἀνιοῦιιν.
788 1344 867 1423 ιῙὲασί
880 1343 995 1422 probet
1005 1361 1088 1409 eam,
1102 1348 1135 1397 et
1153 1342 1251 1397 unice

210 1444 320 1487 veram
338 1426 461 1506 judicet
480 1427 657 1491 Elmsleius
681 1428 722 1488 ad
742 1428 820 1489 Eur.
843 1425 932 1487 Med.
957 1420 1037 1490 1217
1058 1445 1091 1506 p.
1110 1420 1180 1483 290.
1197 1421 1250 1483 ed.

210 1508 311 1590 Lips,
332 1515 490 1589 quoniam
511 1514 553 1572 ob
575 1516 814 1592 oppositionem
840 1509 955 1573 verbi!
979 1503 1050 1567 ἰδεῖν
1077 1517 1111 1566 et
1137 1499 1253 1566 ἀκούειν

212 1605 352 1655 exonam
384 1616 513 1676 prorsus
540 1601 722 1659 necessaria
743 1596 776 1655 h.
797 1596 821 1656 1.
852 1594 1053 1655 adversativa
1078 1601 1128 1651 est
1153 1594 1252 1671 parti·

213 1675 298 1748 cula,
319 1684 454 1739 nonnisi
482 1680 638 1739 librorum
666 1681 765 1740 lectio
793 1681 944 1753 obtinere
970 1687 1085 1758 potest.
1133 1675 1253 1734 Sensus
1336 1711 1338 1713 -

214 1772 279 1820 est:
299 1763 411 1832 „Haec
431 1763 514 1823 mihi
533 1774 620 1824 certe
640 1769 723 1838 visu,
743 1765 838 1824 vobis
862 1774 970 1825 autem
992 1760 1106 1820 auditu
1126 1760 1254 1819 terribi-

212 1843 259 1904 lia
282 1844 449 1907 ῦιιοτιιιιι.η
515 1847 637 1907 Confer
665 1851 764 1909 etiam
794 1847 915 1911 Herm..
934 1850 972 1905 in
991 1846 1086 1905 Cens.
1114 1843 1253 1905 Medeae

213 1926 329 1990 Elmsl.
351 1951 382 2012 p.
403 1928 465 1992 395
489 1953 557 2010 seq.
1031 1944 1032 1947 ’

297 2068 328 2108 v.
349 2045 421 2108 192.
465 2047 631 2129 πρευμενῶς
652 2040 685 2107 δ’
708 2045 798 2106 αἰτοῦ
818 2047 995 2129 significati
1022 2064 1121 2128 „roga
1145 2055 1249 2105 autem

215 2140 253 2189 ut
270 2129 451 2197 benevolus
473 2137 539 2194 sit“
560 2154 604 2193 sc.
627 2133 759 2193 Darius.
803 2132 886 2192 Nam
915 2130 1080 2193 interdum
1103 2129 1250 2190 adverbis

216 2235 290 2295 cum
318 2217 419 2279 verbo
449 2237 593 2278 connexa
628 2217 802 2276 consilinm
833 2217 927 2277 verbi
960 2219 1150 2297 exprimunt.
1211 2211 1254 2270 At

215 2297 574 2383 Schuetzii'explicatio
603 2300 811 2378 „humaniter
834 2307 934 2382 roga“
958 2299 1090 2381 linguae
1112 2298 1255 2359 Graecae

214 2397 384 2470 repugnat,
415 2407 523 2466 neque
544 2390 644 2472 magis
665 2386 809 2470 placent,
838 2405 924 2468 quae
944 2389 1125 2466 suspicatur
1145 2384 1255 2454 Blem-

213 2465 354 2530 fieldius.

298 2598 327 2639 v.
352 2570 421 2644 194.
464 2576 646 2647 Pronomen
672 2571 723 2637 coi
749 2578 791 2637 ob
822 2578 1082 2649 distinctionem,
1113 2596 1179 2660 qua
1210 2576 1256 2655 τῷ

214 2654 307 2739 τέκνῳ
330 2666 512 2743 oppositum
535 2674 595 2732 est,
614 2665 756 2721 retinere
777 2662 875 2722 debet
897 2673 1077 2724 accentum.

245 2771 250 2778 ⁸
299 2807 331 2848 v.
352 2781 422 2848 195.
449 2786 517 2868 Ιε1ε1
549 2787 648 2866 fidem
680 2791 814 2846 testium
848 2791 1043 2869 optimorum
1074 2785 1148 2872 γαίᾳ
1182 2808 1259 2847 cum

215 2869 422 2931 Blomfieldio
449 2876 681 2933 revocavimus.
732 2870 837 2931 Sobel.
862 2872 902 2944 Α.
928 2867 981 2933 καὶ
1011 2872 1109 2931 ταῦτα
1136 2868 1261 2931 ἐναντία

214 2948 333 3013 τοῦτον
352 2956 414 3014 τῶν
436 2949 565 3032 ἀμαθῶν
584 2953 674 3014 αἰτοῦ
699 2945 876 3033 κατεχόμενα
901 2958 940 3046 τῇ
966 2957 1005 3047 γῇ
1032 2951 1261 3046 ἀμαυροῦσθαι,

215 3031 285 3114 ἤτοι
300 3031 361 3096 ὑπὸ
382 3039 436 3116 τῆς
455 3039 510 3115 γῆς
529 3034 729 3118 κρατηθέντα,
748 3034 954 3119 ἀφανισθῆναι
980 3043 1024 3119 τῷ
1046 3035 1151 3100 σκότει.
1193 3041 1259 3099 Pro

215 3114 325 3198 τοῦτοί
347 3117 562 3204 ἀμαυροῦσθαι
583 3144 656 3183 cum
677 3123 884 3184 Blomfieldio
908 3133 941 3185 et
963 3124 1177 3184 Lachmanno
1203 3124 1260 3183 De

217 3203 334 3272 chorio.
353 3218 483 3286 system.
503 3229 537 3289 p.
558 3205 628 3268 119.
646 3202 763 3285 κάτοχα
785 3209 983 3288 μαυροῦσθαι
999 3220 1101 3268 metro
1120 3211 1260 3289 jubente

216 3293 447 3371 rescripsimus.
489 3291 530 3349 l'n
561 3291 732 3354 trochaicis
751 3296 935 3354 'strictiores
964 3303 997 3353 et
1018 3294 1260 3374 angustioribus

170 3422 173 3429 .
216 3372 339 3446 finibus
360 3378 619 3457 circumscriptae
638 3376 769 3456 regulae
789 3376 978 3450 observatae
999 3398 1071 3438 esse
1091 3377 1261 3449 videntur,

217 3478 316 3543 quem
331 3462 374 3517 dn
402 3461 549 3519 iambicis
569 3462 726 3520 versibus.
824 3499 827 3504 -

188 3609 196 3628 ι
300 3596 331 3641 v.
355 3573 428 3642 201.
474 3576 525 3647 Qb
555 3589 748 3656 sequentem
779 3575 938 3660 pluralem
966 3572 1103 3658 μόλωμεν
1132 3581 1261 3659 optime

216 3656 316 3724 habet
333 3654 475 3739 θήσομεν,
495 3682 593 3740 quem
619 3661 788 3724 inlocum
816 3668 935 3730 iniuria
959 3659 1095 3743 θήσομαι
1117 3683 1154 3722 er
1174 3662 1265 3731 Rob-

217 3741 384 3803 substituit
407 3744 641 3807 Blomfieldius.
718 3807 720 3810 .

300 3880 330 3933 Υ·
350 3854 422 3922 204·
471 3862 518 3927 Ex
544 3863 688 3958 plurium
726 3863 816 3933 codd
853 3869 1065 3950 omniumque
1096 3863 1168 3941 edd,
1203 3884 1266 3923 aua
