2717 4600
494 167 764 247 *163-

285 343 429 428 Taroe'you
447 344 481 410 τ’
501 345 636 432 domoc,
653 311 814 435 Βακτρίακ
830 350 993 432 ἰθαγενής.

111 447 160 506 Ita
182 457 220 506 ut
240 464 352 507 censue
374 446 506 509 evadatz
534 450 756 530 „Tenagoque
776 451 982 523 fortissimus,
1006 453 1148 516 Bactrio·

110 550 181 589 rum
202 531 389 610 indigena.“
431 531 568 593 Videtur
587 544 698 593 tamen
716 532 877 615 Βακτρίων
902 548 936 596 et
956 535 996 597 ad
1022 533 1148 618 ἄριατας
1195 568 1215 591 a

109 625 144 673 et
170 614 210 672 ad
236 609 376 691 ἰθαγενὴς
398 618 580 696 pertinere,
609 624 676 695 qu'a
710 619 868 699 loquendi
893 626 1021 681 ratione
1050 641 1147 703 saepe

111 707 246 757 utuntur
267 699 393 758 Graeci.
457 698 530 779 Quo
558 712 654 782 pacto
670 713 721 762 art
742 725 779 762 ex
806 715 916 764 nostra
937 707 1147 767 construendi
1184 704 1186 710 ’

106 786 233 841 ratione
250 802 382 843 versum
401 782 555 863 legamus,
578 789 678 845 etlam
696 787 941 870 ΡοεῒΒακτρλαν
952 789 1056 850 incidi
1075 800 1147 871 pot·

107 877 167 937 est,
188 869 334 946 genitivo
353 879 427 948 post
448 863 589 946 ἰθαγενὴς
605 869 798 930 subauditor

278 958 421 1033 Τενάγων
441 955 476 1020 τ’
497 958 620 1046 ἄριστος
639 965 809 1046 Βακτρίων,
821 963 979 1046 ἰθαγενής.

104 1060 237 1127 Vertase
265 1066 488 1147 „Tenagoque
507 1066 703 1126 fortissimus
730 1067 939 1144 Bactriorum,
970 1071 1146 1152 indigena“

104 1172 150 1210 sc.
170 1171 291 1214 eorum.
334 1148 470 1208 Accedit
482 1148 571 1227 quod
591 1145 710 1230 ἄριστοι
722 1168 789 1210 non
810 1156 918 1212 minus
939 1155 1026 1215 bene
1048 1178 1145 1234 quam

104 1229 227 1315 ἀριστῆς
256 1236 470 1314 ‚‚optimatcs“
502 1232 666 1303 dicuntur,
694 1238 740 1293 ita
765 1244 803 1294 ut
830 1241 928 1296 etiam
961 1243 1007 1297 sic
1034 1239 1145 1298 locum

102 1321 309 1398 interpretari
328 1317 446 1394 aliquis
467 1320 584 1396 possiti
601 1319 818 1398 „Teuagoque
840 1325 990 1403 princepe
1004 1321 1147 1383 Bactrio÷

103 1422 177 1460 rum
205 1401 376 1480 indigena“
404 1399 498 1460 Conf.
521 1401 636 1464 Elmsl
665 1400 710 1461 ad
727 1403 840 1484 Eurip.
863 1402 951 1465 Med.
971 1427 1004 1486 p.
1028 1401 1069 1465 63
1092 1405 1142 1466 ed.

104 1486 195 1566 Lips.
216 1486 284 1565 Ipsi
296 1484 445 1563 judicent·
454 1485 602 1556 lectores,
623 1485 704 1564 quid
713 1487 972 1567 praeferendum.
986 1520 1030 1534 -
1051 1489 1144 1549 Prae·

104 1578 193 1631 terea
216 1588 283 1627 non
305 1568 437 1628 silentio
455 1569 633 1649 premenda
652 1569 751 1630 lectio
780 1568 829 1631 esi
852 1572 972 1632 codicis
989 1572 1081 1633 Med.
1110 1584 1144 1633 et

105 1652 257 1712 editionis
279 1653 361 1712 Rob.
382 1648 540 1730 ἱθαιγενής,
570 1675 656 1733 quaa
672 1653 779 1715 forma
803 1659 902 1715 eiiam
931 1660 969 1715 in
998 1656 1143 1719 Homero

104 1740 251 1795 occurrit.
295 1738 404 1815 Atque
425 1756 492 1807 non
510 1737 744 1810 dubitavimus,
771 1743 854 1817 quin
873 1761 945 1799 eam
977 1738 1143 1820 adoptare-

98 1842 186 1884 mus.
226 1820 323 1880 Falso
345 1820 514 1881 contendit
533 1822 711 1882 Brunckius'
733 1823 774 1882 ad
788 1821 885 1885 Arist.
905 1825 966 1902 Eq.
986 1815 1042 1887 41.Δ
1067 1822 1142 1881 ἰθα-

97 1899 182 1980 γενὴς
205 1909 336 1964 atticam
356 1918 428 1964 esse
445 1904 595 1976 formam,
624 1927 699 1964 cum
728 1927 768 1965 ea
785 1910 883 1967 etiam
911 1906 998 1987 apud
1018 1907 1142 1988 Hippo-

99 2000 220 2048 cratem
248 1999 405 2048 occurrat.
446 1989 499 2047 De
523 1989 630 2048 forma
656 1983 815 2064 λθαιγεκὴς,
836 2010 935 2067 quam
956 1991 1009 2048 ab*
1030 1988 1141 2050 ἰθαίκα

97 2076 257 2152 originem
276 2072 403 2131 duxisse
423 2083 584 2152 putamus,
602 2071 690 2132 conf.
719 2082 812 2131 notas
841 2072 883 2130 ad
910 2072 1038 2152 Gregor.
1069 2075 1140 2134 Cor.

95 2178 131 2237 p.
154 2150 230 2219 294.
243 2153 314 2216 531.
332 2157 417 2214 Basa
439 2143 533 2233 epist.
556 2158 627 2214 crit.
645 2176 678 2236 p.
690 2151 763 2214 239.
787 2154 836 2215 ed.
846 2155 935 2236 Lips.
955 2167 988 2219 et
1000 2156 1140 2218 Lobeck‘.

97 2240 142 2299 ed
161 2237 280 2318 Phuyn.
302 2259 335 2320 p.
360 2232 431 2296 648.
561 2252 567 2271 ¹

183 2386 214 2427 v.
238 2359 311 2431 275.
356 2363 493 2434 „Nescio
515 2384 558 2422 an
577 2382 655 2424 vera
673 2362 771 2424 lectio
788 2365 832 2423 sit
844 2355 1149 2437 θαλαααόκτλακατακΔ

93 2447 198 2527 νῆσον.
219 2447 368 2529 Sophocl.
391 2444 442 2528 Aj.
465 2443 537 2507 602.
559 2440 696 2526 Σάλαμις
715 2478 758 2492 -
777 2440 985 2518 ἁλίπλαγκτας.
1011 2450 1070 2508 ubi
1090 2460 1139 2509 ta-

92 2555 176 2593 men
207 2526 393 2590 ἆλίπλακταν
422 2552 459 2590 ex
490 2532 552 2591 hoc
583 2530 657 2590 loeo
687 2534 802 2611 reponi
836 2532 910 2592 vult
943 2533 1136 2595 Lobeckius.

90 2617 207 2676 Etiam
233 2621 270 2675 in
298 2613 430 2675 Pindar.
455 2611 547 2695 Pyahz
578 2615 637 2686 lv,
664 2607 706 2673 24
734 2607 939 2690 ἁλιπλαλγκταυ
970 2618 1037 2693 γᾶς,
1066 2616 1135 2678 Ms.

91 2703 241 2782 Gotting.
267 2701 397 2759 exhibet
422 2691 618 2773 ἁλιπλάκτου,
645 2720 731 2777 quae
755 2710 867 2757 tamen
894 2720 961 2760 non
988 2711 1037 2759 est
1058 2720 1137 2760 vera

88 2786 231 2845 lectio.“
280 2784 448 2843 Hactenus
474 2782 720 2859 Blomfieldius,
744 2787 835 2841 cuius
862 2787 1045 2843 sententiae
1073 2783 1137 2843 cal-

89 2870 209 2929 culum
228 2865 381 2927 lubenter
402 2866 588 2947 adjecimus,
616 2870 696 2946 quia
717 2867 843 2926 codices
873 2871 950 2925 satis
978 2868 1059 2926 boni
1080 2878 1138 2927 aut

87 2945 403 3025 θαλασσόπλαγκτον,
431 2961 468 3008 ut
489 2952 524 3011 C.
547 2951 589 3011 H.
618 2952 737 3030 quibus
766 2947 890 3009 accedit
910 2950 1057 3011 Turncbi
1080 2971 1138 3013 va·

87 3042 195 3097 rictas
218 3035 377 3107 lectionis,
397 3044 453 3092 aut
471 3027 757 3107 θαλασσόπλακτακ,
781 3055 865 3112 quae
885 3054 946 3095 vox
965 3033 1135 3093 lenissimo

88 3141 205 3182 errore
224 3118 303 3178 inde
325 3128 394 3177 orta
415 3127 474 3187 esf,
495 3129 533 3177 ut
548 3117 644 3181 Inoa
668 3117 760 3175 Cant.
772 3114 841 3176 1.2.
861 3117 1041 3188 Lambeth.,
1062 3120 1136 3196 qui-

86 3208 157 3267 bus
181 3203 285 3263 Schol
300 3202 338 3263 B.
363 3200 526 3282 adjungas,
538 3200 689 3281 produnt.
731 3197 813 3259 Nam
832 3202 1057 3270 eosqlibrarioe
1075 3204 1136 3279 qui

83 3280 375 3350 θαλασσόπλακτοκ
396 3288 603 3364 scripserunt,
615 3284 768 3342 Doricam
787 3283 925 3343 formam
943 3305 1001 3366 pro
1013 3276 1135 3342 θαλασ-

84 3367 267 3451 σόπληκτον
287 3375 323 3430 in
350 3372 486 3429 senariis
506 3367 758 3447 haudquaquam
781 3368 985 3427 tolerabilem
1035 3385 1134 3428 onere

83 3460 240 3522 voluisse
260 3477 328 3516 non
347 3453 509 3516 videntur.
553 3452 616 3513 Sed
639 3455 748 3534 potius
773 3472 810 3511 ex
834 3445 1006 3509 θαλασσόπ
1044 3468 1134 3523 moa

86 3544 238 3602 calamos
260 3560 371 3600 eorum
393 3540 565 3611 aberrasse,
592 3535 769 3599 verisimile
791 3546 848 3594 est.
890 3531 1042 3594 Poeticae
1066 3552 1133 3593 cer·

83 3638 122 3685 te
163 3645 274 3695 rerum
314 3622 553 3682 adumbrationi
583 3613 881 3690 dalaoodnloyurov
913 3616 1133 3699 pulcherrime

84 3711 258 3768 convenit.
310 3705 444 3765 Insulae
473 3707 568 3765 maiis
597 3724 714 3786 nempe
739 3702 892 3760 fluctibus
918 3721 992 3759 cum
1017 3719 1132 3782 percu·

83 3795 231 3860 tiantur,
253 3792 292 3849 ab
313 3793 353 3849 iis
377 3793 498 3869 agitari,
518 3793 630 3867 itaque
647 3798 758 3846 natare
781 3795 815 3845 et
836 3787 1063 3865 circumvagari
1081 3787 1132 3845 vi·

81 3875 226 3938 dentur.
269 3874 345 3954 Qua
361 3876 487 3934 ratione
507 3877 606 3934 etiem
626 3872 728 3933 Delos
754 3872 898 3950 antiquie
915 3872 1020 3952 poetis
1040 3877 1131 3929 nata·
