2717 4600
592 144 863 223 ...146-

213 327 383 407 paululum
418 332 664 409 interrumpitur
694 330 927 408 pronuntiatio.
977 326 1069 386 Idem
1101 325 1188 385 vaiet
1217 325 1256 385 de

215 413 277 471 hoc
293 435 321 473 v.
345 409 417 478 271.

363 503 514 585 στυφλοὺς
534 527 598 588 παρ
635 502 731 576 άκτὰς
752 506 881 565 θείνεται
902 503 1065 581 Σιληνίων·

365 742 407 798 χω
398 716 577 803 χιλίαρχος
599 619 868 809 Λαδάκρςῖγιίίιημῇ
855 712 986 803 δορός.

665 862 697 902 v.
730 832 803 905 274.

369 927 512 1007 Τενάγων
532 930 564 993 τ’
587 931 711 1017 άριστος
733 934 894 1016 Βακτρίων
914 926 1072 1012 ῑθαινενάς.

218 1047 389 1106 Genitivus
416 1048 534 1124 nempe
551 1046 676 1124 pendet
705 1047 746 1104 ab
780 1040 913 1124 άριστος,
941 1062 1009 1102 non
1040 1044 1080 1101 ab
1101 1037 1257 1121 ἰθαιμειὴς.

216 1131 434 1211 Interruptam
455 1135 732 1190 constructionem
752 1134 870 1191 iterum
893 1149 1045 1208 agnosces
1067 1149 1098 1188 v
1110 1122 1193 1192 279.

365 1232 475 1303 πηγαῖς
502 1246 533 1285 τε
555 1221 670 1285 Νείλου
687 1228 833 1299 γειτονῶν
856 1223 1036 1297 Αἰγυπτίου.

560 1398 561 1401 ,
639 1355 673 1404 et
701 1366 733 1405 v.
762 1317 834 1403 283.

366 1439 462 1499 ἵππου
489 1432 627 1519 μελαίνης
649 1435 764 1519 ἡγεμὼν
785 1438 965 1522 τρισμυρίας.

667 1580 699 1619 v
731 1555 805 1618 299.

367 1653 413 1713 Αί
434 1649 477 1731 αί,
496 1655 597 1714 κακῶν
614 1650 729 1750 ὕψιστα
757 1649 793 1733 δὴ
815 1646 897 1713 κλύω
915 1647 1009 1712 τάδε.

219 1768 247 1824 si
266 1742 378 1834 voces,
397 1785 465 1823 non
487 1785 618 1823 sensum
647 1775 783 1845 speciae,
807 1761 860 1822 hic
880 1784 990 1824 versus
1019 1768 1049 1822 ei
1073 1765 1257 1824 simillimus

217 1860 275 1922 est,
298 1870 357 1927 qui
347 1849 438 1907 litis
458 1859 587 1908 nostrae
611 1869 723 1907 ansam
744 1848 903 1949 praebuit.
948 1844 990 1906 At
1006 1860 1080 1930 post
1099 1852 1200 1909 κακῶν
1216 1852 1256 1910 ob

217 1932 457 1992 cohaerentiam
485 1953 603 1992 vocum
632 1935 732 1992 κακῶν
758 1928 871 2011 άψιστα
896 1952 1031 2012 pausam
1058 1939 1158 1993 statui
1184 1956 1255 1993 cum

218 2028 369 2096 nequeat,
401 2016 530 2118 pondus
568 2028 601 2076 et
628 2023 777 2098 gravitas,
804 2038 889 2096 quae
919 2012 1096 2077 vocibus'
1078 2038 1188 2096 οιμισια
1218 2014 1254 2095 δι’]

216 2107 312 2175 inest,
337 2113 411 2184 post
438 2096 475 2179 δι’]
504 2100 639 2161 efficit
630 2106 834 2162 incisionem.
877 2099 979 2160 Pausa
1004 2105 1121 2162 iterum
1147 2125 1182 2162 ex
1204 2108 1254 2162 in

216 2198 359 2268 terrupta
378 2186 550 2247 verborum
571 2191 773 2245 connexione
797 2190 991 2246 excusatur
981 2208 1017 2244 ιιι
1038 2208 1069 2248 v.
1090 2185 1161 2248 378.

364 2277 457 2366 Ἀρχὴ
482 2275 515 2341 δὲ
537 2303 625 2342 ναυοι
617 2275 847 2364 ουμβολης
817 2302 860 2351 τι,1
882 2304 916 2362 77
937 2277 1064 2365 φράσον.

639 2413 673 2462 et
696 2422 728 2463 v.
759 2399 832 2461 378.

365 2489 447 2570 τάξις
469 2491 502 2557 δὲ
522 2492 611 2570 τάξιν
631 2491 792 2580 παρεκάλει
811 2491 883 2567 νειὸς
905 2500 1028 2580 μακρῶς.

665 2638 697 2676 v.
729 2609 801 2675 422.

365 2714 466 2783 κακῶς
484 2709 521 2772 τὸ
544 2706 652 2791 μίλλον
672 2709 810 2793 ἱστορῶν.
828 2707 881 2780 Ὡς
902 2709 962 2793 γὰρ
983 2707 1064 2783 θεός.

667 2851 700 2891 v.
729 2822 801 2889 438.

366 2922 428 3005 ἤιξ’
457 2920 580 3007 άκόσμῳ
609 2923 660 2999 ξὺν
689 2928 778 3016 φυγῇ.
813 2921 941 2987 Τοιάνὸε
961 2948 1020 2989 σοι.

627 3068 656 3106 v.
674 3038 745 3106 465.
768 3037 841 3104 466.

365 3138 492 3245 ῥέεθρον
521 3136 614 3214 ἁγνοῦ
635 3136 820 3220 Στρυμόνος.
851 3138 953 3244 Θερὺς
967 3137 1001 3200 δέ
1020 3161 1063 3211 τις

364 3222 401 3285 τὸ
424 3220 495 3308 πρίν
512 3222 638 3305 νομίζων
658 3222 807 3307 οὐδαμοῦ,
828 3220 899 3285 τότ’
922 3223 1034 3307 ηἰίχετο.

365 3435 493 3503 ὅτανδ’
517 3434 535 3499 ὁ
557 3366 688 3519 δαίμωνν
689 3390 802 3531 Ηεῦροῇ,
823 3440 1012 3507 παιοιθέναι.

217 3551 439 3634 Transpesitio
457 3571 575 3613 vocum
596 3555 755 3631 reperitur
773 3556 810 3612 in
827 3574 858 3614 v.
880 3549 952 3612 639.

363 3642 494 3710 λεύσσων
514 3637 679 3744 δὀίίκοιτιν
705 3644 759 3725 τὴν
781 3646 852 3728 ἐμὴν
878 3642 981 3726 τάφου
1000 3644 1103 3720 ποίας.

663 3781 696 3825 v.
727 3762 799 3832 717.

364 3849 485 3934 ἕξοῦτε
504 3858 590 3942 τιμὴν
610 3858 685 3933 Ζεὺς
704 3857 780 3936 ἅναξ
795 3856 881 3941 τήνδ’
909 3861 1037 3928 ῶπασεν.
