2717 4600
513 153 932 236 ...ff-¹

210 349 287 410 risu
309 346 448 409 forium
477 346 614 408 flottam
642 320 868 426 preemlerint.
919 337 1004 400 Vide
1028 338 1267 421 Hermaonum·

215 432 256 493 ad
282 431 381 512 Soph,
409 431 490 492 Oed.
519 431 561 492 Ii.
592 426 685 490 1311.
712 449 745 508 p.
768 419 842 486 241.
888 423 1122 504 Imperfectum
1147 435 1267 484 nestro·

213 515 286 575 loco
310 519 512 599 aptissimum
534 517 680 575 omnium
704 521 768 571 est:
795 502 938 590 „Quem
955 511 1060 587 gravb
1088 509 1269 567 insiliebas

213 599 358 675 Persis«,
384 618 500 681 nempe
525 610 614 668 mm,
651 616 754 676 quum
783 615 822 654 oa
850 593 988 662 fierent,
1024 612 1110 669 quae
1138 591 1256 652 dixerat

215 694 425 851 ”tnffiffi
469 790 523 849 De
549 788 612 848 hoc
636 787 760 870 duplici
780 787 941 870 genitivo=
971 778 1079 853 νυκτὸς
1099 778 1171 862 ι’)’ψις
1191 779 1256 842 dru-

214 871 316 947 neten
337 878 396 933 uni
418 875 621 949 substantivo
643 871 771 934 diversa
790 873 917 930 ratione
936 873 1059 948 juncto,
1076 867 1153 931 vide
1171 888 1256 947 quae

217 956 367 1017 dicentur
382 957 429 1016 ad
449 978 481 1019 v.
505 954 577 1019 855.

196 1124 200 1141 ,
299 1086 330 1125 v.
354 1057 426 1125 188.
472 1065 513 1122 In
531 1064 642 1124 multis
663 1065 756 1124 libris
778 1063 961 1122 exhibetur:
980 1055 1062 1120 οὔτ’.
1091 1058 1161 1121 Nos
1184 1064 1256 1138 qui·

216 1146 291 1207 dem
311 1136 383 1207 οὔτ’
404 1144 484 1220 e’r'ym
505 1147 634 1209 ex'Ald.
654 1159 689 1207 et
706 1149 790 1207 Rob.
811 1149 1004 1231 recepimus,
1033 1145 1122 1223 quod
1139 1147 1256 1226 probat

217 1234 315 1291 etiam
343 1231 610 1292 Wunderlichius
638 1236 677 1292 in
705 1231 785 1291 Obs.
807 1234 890 1290 criti.
919 1251 952 1311 p.
973 1228 1026 1311 Si).
1049 1228 1100 1291 51.
1129 1233 1190 1306 qui
1214 1248 1266 1289 ne·

220 1316 306 1379 male
327 1312 447 1376 habeat
468 1317 622 1396 aliquem,
642 1315 733 1394 quod
753 1319 840 1375 inter
858 1307 892 1373 ti
920 1325 954 1374 et
974 1313 1045 1375 αὖτε
1063 1312 1259 1375 vocabulum

219 1398 308 1458 aliud
329 1399 520 1470 intercedat,
540 1422 612 1461 com
636 1410 706 1460 arat
725 1398 862 1459 Theocr.
882 1399 960 1468 XII,
983 1391 1033 1461 11.
1061 1392 1116 1457 τὸν
1140 1391 1173 1456 d'
1196 1396 1260 1455 ὲίε-

217 1501 272 1561 ρον
292 1477 407 1547 πάλιν
432 1478 473 1554 ιὸς
491 1489 541 1543 ἰιιι
563 1479 580 1543 ὁ
602 1421 758 1553 &docetor
778 1477 858 1541 εἴποι
877 1476 974 1542 ditur.
1018 1483 1103 1540 Nam
1129 1485 1159 1541 si
1184 1475 1258 1539 αὕτ’
1329 1504 1330 1509 “

216 1566 360 1646 legamus
378 1589 415 1627 er
429 1566 526 1628 huius
540 1567 606 1628 loci
620 1571 861 1628 constructione
873 1587 941 1625 non
955 1563 996 1625 ed
1012 1561 1158 1646 ὀνείρατα,
1170 1565 1261 1643 quod

215 1650 291 1711 vult
310 1646 415 1710 Schol.
435 1649 484 1726 A„
504 1650 562 1712 sed
583 1651 624 1711 ad
643 1645 731 1724 ιιαιιά,
753 1672 818 1730 quo
839 1655 970 1731 ineptus
994 1652 1118 1726 exsistit
1134 1669 1257 1722 sensus,

216 1734 338 1793 retrahi
361 1734 460 1795 debet
474 1754 667 1818 pronomen.
700 1734 820 1795 ¹¹Minus
842 1738 941 1795 etiam
963 1743 1073 1815 aptum
1094 1744 1144 1794 est
1159 1728 1260 1792 ταῦτ’.
1329 1736 1330 1755 ’

300 1871 331 1915 v.
354 1842 428 1912 196.
468 1847 604 1922 Πιοτοὺς
624 1853 705 1917 licet
722 1853 847 1913 bonum
866 1853 1022 1933 praebeat
1050 1871 1183 1911 sensum
1201 1849 1256 1910 du·

216 1933 293 2009 biae
312 1934 392 1995 fidei
411 1946 470 2000 est.
512 1937 625 2019 Longe
645 1947 789 2017 praestat
807 1942 925 2005 πιστοῖς
952 1946 987 1999 et
1007 1936 1051 1997 ob
1073 1956 1205 1996 sensum
1223 1946 1256 1995 et

218 2018 260 2076 ob
283 2031 567 2080 monumentorum
588 2018 847 2102 amplitudinem.
887 2017 996 2098 Atque
1014 2016 1079 2079 huc
1100 2018 1249 2078 trahenda

217 2101 425 2163 metschet.
447 2103 485 2164 Β.
513 2105 629 2167 verbex
653 2104 767 2171 πιστοῖς
802 2096 924 2178 ὤφειλεν
953 2102 1053 2179 εἰπεῖν,
1076 2097 1245 2186 ἀλλὰπρὸς

216 2180 255 2243 τὸ
277 2180 374 2262 ὀίομα
392 2185 429 2263 (i.
450 2207 479 2247 e·.
501 2187 541 2247 ad
565 2207 687 2249 nemen
706 2180 910 2267 βουλεύματα)
936 2178 1073 2264 ἐπήγαγε.
1114 2186 1251 2268 Quapro-

216 2278 290 2349 pter
308 2272 489 2342 rectissime
510 2272 689 2332 Brunckius
707 2270 815 2331 locum
834 2274 881 2331 ite
902 2271 1074 2373 intelligit:
1096 2276 1161 2340 τοῖς
1182 2263 1256 2351 πρὸ·

217 2355 293 2412 σθεν
312 2360 430 2424 πιστοῖς
448 2349 627 2437 βουλεύμασι
649 2349 737 2414 κοινὰ
758 2352 913 2435 συμφέρειν
939 2373 1032 2414 mete
1060 2349 1259 2436 βουλεύματα,

217 2434 253 2496 id
279 2436 367 2515 quod
387 2438 496 2500 dicere
521 2439 632 2502 voluit<
647 2437 756 2500 Schol.
774 2439 812 2497 B.
836 2437 1026 2499 Schuetzius
1055 2460 1132 2501 vero
1156 2440 1261 2521 expli-

221 2523 383 2582 cationem
409 2541 501 2584 suum
529 2543 567 2584 ex
594 2521 703 2584 Sehol.
725 2521 762 2582 rb
788 2522 964 2604 depromsit
992 2534 1154 2585 auctorem
1185 2528 1263 2583 reti-

219 2624 305 2664 cens.
337 2604 386 2664 Ee
407 2616 516 2666 autem
533 2617 705 2688 propterea
726 2618 810 2667 stare
831 2612 955 2685 nequit,
969 2609 1058 2687 quod
1074 2603 1180 2668 πιστοὶ
1200 2607 1264 2668 hac

218 2688 255 2762 in
277 2686 391 2747 fabula
408 2692 541 2750 nonnisi
559 2690 728 2770 Persarum
748 2691 926 2751 consiliarii
946 2704 1113 2753 vocantur.
1152 2693 1267 2752 Blom·

217 2768 364 2832 fieldius=
389 2773 529 2842 ωπιστοί.
563 2771 742 2834 consiliarii
765 2772 881 2853 Regum
905 2774 1074 2841 Persarum.
1107 2776 1183 2837 Vid.
1209 2797 1268 2835 su·

216 2873 275 2933 pra
295 2854 335 2912 ad
355 2875 388 2915 v.
410 2853 456 2917 1.’
482 2857 554 2915 Ηοσ
582 2877 650 2918 non
677 2870 908 2938 perspexerunt
927 2855 1154 2941 intemretosf‘
1198 2861 1270 2922 Ve-

217 2956 288 2994 rum
306 2947 365 3004 est,
386 2935 448 2997 hoc
471 2937 609 3000 difficile
641 2939 712 3002 esse
731 2954 912 3023 perspectu.
936 2945 1126 3023 ⁴Numquid
1154 2947 1271 3005 consi·

217 3018 304 3078 liarii
327 3019 523 3081 admonendi
543 3034 644 3098 erant,
675 3027 797 3106 utipsi
818 3029 882 3085 sibi
907 3028 993 3087 bona
1013 3028 1127 3098 darent
1155 3033 1272 3089 consi-

217 3102 287 3161 lia?
325 3099 377 3163 Ad
406 3107 600 3187 optimorum
627 3119 912 3169 monumentorum
944 3110 1043 3170 fidem
1078 3105 1113 3184 γὲ
1140 3112 1274 3193 adjeci-

218 3205 302 3257 mus,
331 3187 418 3265 quod
450 3189 490 3249 ad
518 3210 648 3251 sensum
674 3196 876 3273 aptissimum
903 3205 961 3254 est.
1003 3195 1134 3255 Vertas=
1162 3195 1272 3266 „fidis

219 3270 345 3346 scilicet
374 3291 412 3331 er
439 3278 541 3334 omni·
555 3285 700 3356 tempore
728 3276 869 3336 allatis.“
908 3275 969 3337 Pro
991 3271 1025 3354 γὲ
1048 3281 1208 3338 nonnulli
1229 3281 1274 3340 li·

218 3354 270 3413 bri
290 3347 331 3412 τᾶ
349 3356 516 3435 praebent,
537 3362 595 3437 qui
616 3359 769 3418 articulus
792 3381 923 3420 sensum
944 3375 1136 3442 contorquet
1151 3374 1185 3423 et
1210 3364 1275 3424 de·

217 3447 339 3517 prevat.
382 3439 497 3500 Restat
516 3441 792 3513 ut'enucleemus,
812 3445 974 3522 quomodo
996 3451 1105 3507 variae
1123 3447 1192 3506 loci
1220 3449 1275 3507 le·

219 3524 342 3581 ctiones
368 3528 557 3585 exstiterint.
600 3525 732 3584 lncun’a
757 3528 934 3588 scribarum
956 3530 1074 3590 excidit
1099 3533 1276 3611 particula

185 3613 191 3636 t
216 3599 259 3674 γέ.
299 3603 416 3683 ltaque
429 3613 556 3679 ‚nancte
573 3604 665 3669 πιστὰ
689 3613 725 3668 in
740 3615 856 3690 paucis
885 3612 978 3674 libris
1001 3620 1149 3674 occurrit.
1198 3613 1277 3674 Alii

219 3700 451 3756 oummetrum
473 3691 596 3756 laesum
618 3692 785 3767 viderent.
809 3697 1018 3775 emplastrum
1039 3703 1278 3779 excogitarunt

218 3769 275 3830 vel
292 3772 412 3832 inserto
425 3767 474 3849 τά,
491 3773 582 3854 quod
599 3776 835 3848 offerunttms
844 3780 932 3856 libri,
946 3782 1003 3842 vel
1021 3782 1176 3860 adjuncto
1194 3804 1219 3856 ι,
1234 3805 1279 3842 ex

220 3872 287 3931 quo
318 3851 456 3918 aliorum
484 3860 577 3930 codd.
609 3861 708 3922 lectio
742 3862 846 3923 fluxit.
875 3929 877 3938 ,
904 3859 1278 3949 Superbrubrunokii
