2717 4600
27 4 146 110 s?

447 185 752 271 “2⁰7‘'

83 380 203 462 amplius
224 392 274 441 est
293 378 489 456 desiderata.
527 376 657 437 Deinde
677 378 715 435 in
737 374 937 458 antistropha
966 369 1046 453 διινᾷ
1070 387 1104 437 et

83 467 161 526 codd.
180 476 336 544 quantum
356 463 486 527 videtur
505 467 652 523 omnium
673 471 707 521 et
726 460 831 519 Schol.
852 462 895 519 Β.’
913 466 1103 520 auctoritate

82 556 231 610 retinetur.
273 550 439 610 Postremo
457 568 573 610 :versus
594 538 665 606 534.
688 542 760 610 535.
782 538 852 604 542.
876 539 946 605 543.
970 544 1105 622 dactyli·

83 656 129 693 cos
147 638 179 693 in
197 634 377 715 spondeum
399 636 458 712 qai
479 635 593 710 exeant
613 651 736 700 versus,
766 629 799 690 h.
820 630 843 690 1.
878 641 998 689 exstare
1027 634 1104 690 satie

82 718 226 779 efficiunt.
252 719 255 726 ’

117 899 125 916 ,
153 865 181 905 ν.
203 839 273 905 535.
315 842 424 902 Multo
446 840 624 922 elegantior
644 852 693 912 est
712 837 821 911 lectio,
844 835 1108 922 quam-'erlbonis

80 928 161 987 libris
182 931 378 1009 recepimus:
397 921 574 1002 λειφθέντες.
612 924 705 984 Idem
723 923 943 986 Blomfieldins
962 938 994 984 et
1005 925 1109 985 Lach-

79 1034 205 1080 mannus
225 1035 256 1094 p.
272 1005 323 1072 40.
344 1012 504 1071 fecerunt.
546 1007 595 1068 Ex
612 1013 885 1089 interpretatione
900 1009 1044 1090 profecto
1065 1012 1111 1069 al-

79 1109 141 1156 tera
159 1109 226 1158 orta
248 1107 307 1156 est.
350 1092 568 1155 Adversamur
588 1103 700 1152 tamen
712 1091 930 1162 Blomfieldio,
952 1099 981 1151 si
995 1116 1108 1155 vorum
1173 1094 1206 1119 ’·

81 1194 156 1241 esset
175 1177 344 1258 ληφθέντες,
365 1190 436 1237 tum
458 1176 633 1257 legendum
654 1197 725 1236 esse
749 1171 826 1258 πρὸς
848 1169 978 1248 ἀνάγκας
1000 1178 1109 1238 dicen-

79 1271 113 1327 ti.
153 1265 314 1346 Qupniam
333 1258 410 1338 πρὸς
424 1285 451 1323 c.
476 1283 541 1325 acc.
564 1260 710 1321 adverbii
728 1259 799 1322 loco
822 1274 980 1342 usurpant
995 1264 1110 1322 Graeci

81 1373 109 1411 v.
130 1372 154 1409 e.
171 1345 246 1430 πρὸς
264 1341 386 1432 ἡδονήνΡ
406 1342 483 1423 πρὸς
505 1343 574 1426 βίαν
598 1357 672 1413 ατο..
701 1344 741 1404 ad
767 1335 931 1421 ληφθέντες
953 1346 1110 1425 quadrare

79 1429 151 1513 πρὸς
171 1427 304 1509 ἀνάγκαν
326 1453 422 1491 nemo
444 1443 502 1501 est,
521 1433 604 1509 quin
626 1428 746 1491 videat.
791 1427 898 1510 Schol.
920 1430 955 1499 Β,
975 1429 1112 1504 λειφθέν-

80 1517 135 1596 τες]
153 1513 388 1593 ἒναιτομείναντες
409 1511 429 1592 ἢ
448 1511 652 1597 κρατηθέντες.
697 1513 788 1574 Idem
817 1507 857 1574 ad
885 1514 1033 1597 Ktqpn'ce
1057 1515 1112 1576 ad·

82 1605 204 1682 sparsit:
229 1596 283 1670 τὰς
302 1601 356 1672 τῆς
376 1594 566 1684 Σαλαμῖνος,Υ
579 1592 712 1658 ἐκαλεῖτο
732 1594 790 1680 γὰρ
810 1593 902 1659 οὕτω.
952 1617 958 1626 ·

159 1748 188 1787 v.
206 1723 278 1792 537.
323 1723 489 1788 Lacunam
517 1736 603 1785 certa
629 1724 758 1786 medela
786 1726 927 1806 explevit
957 1726 1115 1788 Herman-

80 1833 140 1871 nus
157 1815 192 1870 in
213 1814 300 1872 Diss.
324 1813 364 1871 de
382 1833 468 1891 spur.
491 1832 541 1890 ap·
560 1807 674 1872 Aesch.
697 1812 843 1872 versibus
871 1832 902 1891 p.
924 1810 953 1871 8.
975 1834 1012 1871 ex
1032 1816 1116 1872 anti·

78 1896 205 1975 stropha
226 1897 291 1955 huc
319 1896 450 1956 trahens
479 1891 631 1976 ἐβρανται.
671 1895 1116 1962 P1·QhantBlomfteldlus·et

78 1980 304 2039 Lachmannus
334 1981 357 2040 l.
389 2002 416 2041 c.
446 1980 637 2040 Schuetzius
665 1984 703 2038 in
726 1978 754 2037 1.
778 1991 816 2046 ,et
837 1975 867 2041 3.
895 1982 951 2041 vel
974 1982 1115 2039 τεθνᾶσιν

78 2064 131 2126 vel
150 2058 263 2122 διαίνου
284 2069 447 2145 proponit,
477 2069 514 2121 in
542 2064 572 2122 2.
602 2057 719 2121 ὤλοντο
744 2067 869 2131 inserit,
896 2064 953 2123 sed
973 2076 1115 2143 praestat

77 2151 256 2208 Hermanni
285 2148 477 2217 emendatio,
508 2166 593 2223 quae
623 2149 721 2208 etiam
745 2148 904 2208 librorum
928 2152 1116 2208 testimonio

76 2231 231 2291 nonnihil
247 2230 403 2289 firmatur.
450 2229 532 2289 Vide
551 2251 581 2290 v.
601 2228 674 2289 lect.
697 2229 737 2290 ad
750 2223 830 2292 545.
949 2297 952 2303 .

160 2310 335 2395 Ἀμβὸαοον
353 2336 427 2374 cum
446 2310 703 2391 accusativo‘aeit'pp
725 2321 873 2392 junctum
897 2315 1050 2396 exemplis
1066 2317 1120 2379 ad·

76 2403 200 2471 struxit,
224 2409 257 2459 et
286 2400 372 2458 bene
400 2398 553 2480 explicuit
572 2400 842 2468 Wunderlichius
869 2402 906 2457 in
927 2399 1004 2458 Obs.
1031 2406 1116 2462 criti.

74 2508 108 2567 p.
135 2482 205 2550 127.
250 2484 357 2544 Vertit
381 2503 515 2562 nempe:
540 2505 681 2563 „magno
712 2495 747 2542 et
771 2483 876 2543 flebili
903 2484 1041 2544 clamore
1069 2487 1119 2544 lu-

74 2579 150 2650 gete
177 2568 395 2627 calamitatem
423 2572 650 2628 immensam.“
662 2600 664 2604 =
704 2567 769 2627 Sed
793 2567 867 2630 vide
895 2572 1013 2649 ipsum.
1055 2572 1119 2630 lta-

75 2675 143 2732 que
164 2664 239 2734 post
259 2647 315 2729 ἄχη
337 2651 468 2731 plenius
496 2653 781 2734 interpunximns..

160 2798 193 2839 v.
217 2758 289 2839 538.
333 2776 440 2836 Schol.
460 2770 495 2836 B.
518 2769 664 2860 οὐράνια]
687 2770 810 2857 μεγάλα,
829 2772 1017 2861 ὖπερβολινᾶ.

162 2925 194 2961 v.
207 2894 289 2966 540.
332 2900 392 2961 Pro
414 2900 518 2981 βοᾶτιν
539 2900 764 2967 Blomfieldiue
787 2894 932 2986 reposuit
954 2899 1040 2988 βοάν,
1064 2903 1122 2970 τὰν

73 3010 114 3047 ex
137 2987 232 3045 Cant.
252 2986 294 3055 2.,
318 2985 371 3044 sed
402 2991 449 3044 sic
477 2986 687 3065 vehementer
711 3010 770 3048 nos
799 2991 939 3053 offendit
966 2988 1120 3054 articulus

73 3070 118 3131 ad
145 3064 243 3128 αὐδὰν
270 3073 406 3151 positus,
436 3091 509 3129 cum
527 3066 604 3150 βοὰν
634 3074 769 3156 articulo
796 3066 922 3137 careat*
976 3078 1120 3153 Omnino

70 3176 155 3219 vero
177 3174 284 3225 causa,
306 3174 391 3231 quae
420 3153 460 3212 ad
479 3158 693 3223 mutationem
722 3159 853 3238 impulit
876 3152 1121 3225 Blomfieldium

71 3250 127 3308 est
150 3236 261 3296 nihili.
305 3239 429 3318 Nempe
451 3234 557 3320 βοᾶτις
579 3251 691 3300 contra
714 3238 894 3324 analogiam
917 3260 992 3307 'esse
1016 3238 1121 3307 existi-

69 3327 192 3392 mavit,
224 3320 312 3400 quod
337 3336 450 3383 verum
475 3340 544 3382 non
567 3335 626 3384 est.
671 3326 753 3385 Nam
780 3339 867 3387 recte
899 3346 936 3388 er
956 3325 1044 3410 βοάα
1060 3323 1121 3388 Ιᾱο·

69 3407 209 3468 scandit
235 3400 346 3486 βοήτης
374 3406 517 3484 indeque
545 3407 654 3487 βοῆτις.
697 3412 815 3489 Maiori
841 3416 949 3492 specie
973 3415 1121 3495 praedita

68 3503 167 3560 sunt,
189 3511 276 3570 quae
292 3490 500 3550 Doederlein.
521 3493 654 3556 inAct.
679 3494 794 3576 philol.
816 3496 947 3556 Monac.
967 3500 993 3559 Ι.
1019 3520 1050 3579 p.
1068 3495 1122 3561 63.

67 3580 219 3645 monuit,
241 3592 286 3640 sc.
305 3573 450 3656 epitheta
472 3580 610 3637 nimium
633 3583 670 3638 in
690 3579 752 3640 hoc
779 3580 852 3640 loco
879 3600 951 3640 esse
979 3582 1124 3642 cumula-

37 3717 44 3724 ,
67 3670 118 3719 ta.
170 3658 268 3740 Quod
289 3669 327 3718 ut
346 3662 477 3730 vitetur,
500 3663 687 3726 emendavit
712 3657 833 3746 βοατύν,
860 3668 1028 3747 ingeniose
1051 3671 1124 3746 qui·

69 3741 166 3812 dem,
187 3744 393 3824 sed'praeter-
411 3750 647 3808 necessitatem.
692 3749 760 3810 Ista
784 3752 873 3808 enim
906 3751 1124 3833 epithetorum

69 3828 262 3887 cumulatio
289 3828 652 3912 sublimiorisspoeseoe
673 3839 805 3915 propria
832 3835 1046 3898 condonanda
1073 3847 1124 3898 est
1198 3858 1201 3865 ’

64 3907 252 3989 Aeschylo.
274 3911 389 3973 Glossa
410 3911 517 3977 Schol.
541 3917 577 3978 Β.
600 3915 723 4000 βοᾶτιν]
744 3913 892 4002 βοητικήν.
944 3948 947 3955 <
974 3935 1003 3969 ὓ
1032 3956 1038 3965 .
