2717 4600
8 1 31 77 s

8 86 18 281 1
92 202 98 240 ,.

9 340 13 395 l

9 430 11 475 l

8 513 25 603 t

497 163 553 193 -.
600 145 669 213 107-
719 161 768 177 -

112 331 209 391 nibus
235 316 520 404 circumscripsisse
553 319 694 391 videtur,
721 322 769 380 ita
798 319 900 389 abuti,
930 327 970 395 pt
1001 316 1152 396 quamvis

109 416 180 475 fere
206 413 374 472 licentiam
402 410 443 487 ab
466 404 627 486 Aeschylo
657 415 856 465 removeant.
903 401 1024 460 Omnia
1054 406 1153 482 igitur

78 558 81 569 „¹
111 502 245 559 sanein
265 493 439 563 hocloco,
516 512 567 553 ern
593 494 684 553 varie
710 498 879 550 tentarunt
907 490 970 548 viri
999 486 1104 556 docti,
1134 506 1154 545 0

111 584 230 659 quibus
249 576 399 638 laudasse
426 597 464 635 su
482 575 573 636 ficiet
592 574 772 637 Seidlerum
793 573 845 631 De
865 591 948 631 vers.
971 568 1098 629 docbm.
1119 591 1153 649 p.

9 684 10 729 ἒ
109 661 182 730 401.
202 661 451 722 Lachmannum
476 661 529 718 De
549 656 687 721 choricis
717 659 901 736 systematis
922 665 999 734 trag.
1030 674 1074 733 gr.
1093 652 1159 713 lib.

9 744 11 761 ’
109 750 154 809 1Ι.
185 769 212 807 0.
235 745 284 806 12.
313 766 345 826 p.
367 740 408 803 68
430 765 480 822 sq.
512 742 738 804 Wellauerum
765 741 977 800 Commentat.
1004 736 1156 815 Aeschyl.

109 855 141 915 p.
163 827 214 891 66.
237 831 432 910 Corruptum
453 828 563 887 locum
586 828 651 887 sibl
670 827 786 894 videri,
809 845 913 906 nuper
933 822 1158 900 quoqueHer·

109 914 251 976 ma'nnus
280 912 446 996 professus
480 922 530 972 est
565 913 603 972 in
632 909 737 971 Elem.
772 909 873 970 doctr.
903 919 996 968 metr.
1028 927 1060 988 p.
1081 898 1156 967 498.

109 1000 237 1061 Butlerl
266 1018 299 1057 m
351 1017 455 1067 orum.
472 998 624 1077 peritiam
651 998 761 1064 miror,
791 996 913 1074 quippe
936 995 995 1072 qui
1016 994 1054 1050 111
1074 1000 1157 1053 nott.

112 1087 181 1146 crit.
203 1104 235 1165 p.
257 1006 384 1143 2859.
409 1082 457 1140 sic
478 1081 606 1139 scribit:

416 1159 447 1225 5.
475 1153 635 1244 φιλόφρων
654 1156 716 1244 γὰρ
735 1159 859 1222 σαίνου-

416 1242 447 1307 6.
476 1264 516 1306 σα
535 1242 572 1307 τὸ
593 1247 718 1328 πρῶτον
736 1240 869 1328 παράγει

383 1376 386 1379 .
415 1325 445 1401 7.
473 1312 586 1412 βρότον
606 1329 647 1400 εἰς
668 1320 852 1412 ἄρκύστατα.

119 1416 173 1492 »5.
196 1418 299 1481 Ionic.
322 1438 341 1477 a
361 1420 443 1491 min.
464 1415 542 1475 dim.
562 1414 767 1495 brachyc-
787 1410 818 1482 7.
841 1415 913 1476 Ion.
937 1435 957 1476 a
978 1418 1058 1477 min.
1082 1415 1160 1476 dim.

115 1503 267 1580 brachya.
288 1501 374 1561 forte
395 1497 433 1578 (l)
452 1503 562 1581 potius
585 1520 684 1578 quam
706 1510 777 1571 cat,
799 1500 924 1560 duabus
952 1500 1075 1559 ultimis
1095 1497 1162 1579 syl·

9 1592 10 1605 ²
119 1587 204 1647 labis
225 1591 263 1645 in
284 1578 457 1665 ἄρκὺστατα
476 1604 535 1665 pro
556 1604 624 1645 una
645 1584 743 1664 longa
763 1588 909 1665 positis.“
949 1584 1133 1664 Pinzgerus.

201 1669 284 1730 Sunt
308 1667 407 1738 hacc,
437 1677 474 1729 ut
502 1678 650 1749 apparet,
684 1679 718 1729 et
745 1669 911 1729 subtiliter
936 1666 1100 1749 disputata
1127 1679 1161 1728 et

72 1805 89 1815 .
115 1754 338 1835 probabiliter.
380 1754 613 1814 Verumtamen
632 1773 686 1813 rue
708 1773 777 1813 non
796 1757 980 1814 consentire
997 1774 1091 1833 posse
1109 1757 1163 1811 in-

113 1857 221 1918 genue
238 1836 351 1898 fateor.
396 1836 492 1916 Quod
510 1846 662 1916 quartum
681 1841 799 1897 attinet
812 1858 952 1908 versum,
964 1857 1066 1918 pausa
1087 1846 1164 1918 post

114 1920 157 1991 εἰς
178 1926 364 1991 constituta,
394 1941 432 1981 ex
459 1940 527 1998 qua
554 1920 652 2000 longa
676 1924 782 2002 prima
809 1922 936 2001 syllaba
960 1926 997 1980 in
1021 1924 1163 1982 iambica

115 2005 249 2086 dipodia
267 2013 449 2073 excusetur,
474 2004 517 2064 ob
545 2004 757 2067 arctissimam
778 2026 896 2067 vocum
920 2002 961 2075 εἰς
982 1999 1163 2085 &pudoratos

114 2093 352 2149 connexionem
381 2098 467 2148 stare
496 2107 565 2147 non
591 2097 708 2169 potest.
770 2089 842 2149 Imo
867 2092 906 2148 in
931 2088 1038 2149 medio
1066 2109 1165 2151 versu

115 2182 333 2232 anacreonteo
356 2172 516 2249 cuiusque
539 2172 667 2249 generis
695 2173 798 2247 (tertii
827 2181 936 2232 autem
963 2177 1090 2253 generis
1113 2194 1164 2233 es·

114 2267 184 2337 sets
203 2247 332 2335 παράγει
350 2247 464 2334 βροτὸν
484 2250 524 2322 εἰς
545 2246 740 2335 ripariorum)
767 2255 877 2326 incidi*
897 2260 1026 2335 nequit,
1054 2277 1164 2335 neque

113 2360 220 2423 pausa
242 2349 298 2398 aut
314 2337 442 2418 syllaba
463 2358 583 2419 anceps
609 2338 800 2403 admittitur.
843 2340 973 2400 Deinde
1000 2341 1164 2402 Molossus

113 2445 178 2506 pro
208 2423 320 2482 lonico
349 2443 368 2482 a
395 2425 522 2482 minore
549 2425 587 2481 in
612 2420 769 2503 Aeschyli
795 2424 967 2505 tragoediis
993 2427 1080 2487 male
1110 2447 1164 2486 1110

112 2509 229 2568 habet.
248 2505 299 2567 ef.
319 2506 429 2565 Herm.
451 2504 556 2565 Elem.
579 2503 679 2567 doctr.
699 2518 791 2569 metr.
809 2530 842 2591 p.
867 2501 938 2569 498.
960 2508 1048 2591 Epit.
1062 2509 1163 2571 doctr.

112 2603 213 2653 metr.
242 2611 275 2672 p.
299 2585 369 2656 117.
389 2619 394 2660 ;
413 2589 509 2649 Ν11110
537 2610 625 2662 vero,
654 2612 740 2670 quae
767 2596 851 2653 milri
875 2580 1006 2653 de'hac
1032 2595 1165 2655 mesodo

111 2675 262 2760 placent,
285 2694 450 2756 exponam.
494 2673 587 2755 Quae
615 2679 652 2735 in
673 2676 897 2737 Schuetzianis
921 2698 952 2739 v.
974 2676 1025 2739 83.
1052 2679 1167 2759 legun-

110 2772 184 2829 tur,
212 2760 362 2819 Ionicum
391 2778 410 2816 a
436 2762 564 2818 minore
584 2758 759 2821 dimetrum
789 2772 1003 2830 anacreonteo
1026 2764 1169 2824 secundi

114 2847 251 2926 generis
269 2841 467 2902 adsociatum
497 2842 639 2916 efficere,
666 2866 763 2905 nemo
792 2850 854 2906 erit
868 2850 940 2925 ·qui
968 2857 1073 2928 neget.
1125 2848 1167 2907 ln

114 2933 161 2989 iis
180 2920 326 2994 ἐὐπετέας
344 2924 491 3007 praefero
510 2937 544 2988 et
566 2926 656 2988 codd.
682 2926 724 2989 L.
746 2929 855 3011 Mosq.
877 2930 1015 2990 lectioni
1040 2942 1073 2991 et
1093 2930 1168 2992 l'or-
1212 2965 1218 2976 ·

114 3014 203 3073 soni*
218 3013 432 3089 'conjecturae-
474 3010 596 3072 Verum
617 3018 791 3091 sequentia
811 3035 842 3076 v.
863 3008 913 3076 84.
934 3013 986 3076 85.
1012 3037 1087 3075 011111
1108 3037 1168 3090 ne-

112 3116 189 3176 que
216 3097 362 3173 junicum
384 3109 495 3173 neque
522 3097 700 3154 iambicum
725 3107 864 3159 metrum
890 3102 927 3159 in
954 3104 995 3159 iis
1024 3105 1167 3179 reperire

112 3181 256 3264 possim,
283 3180 330 3236 ita
357 3176 457 3258 plane
484 3172 598 3256 ἄμετρα
621 3200 693 3242 esse
712 3182 875 3253 videntur,
902 3194 939 3243 ut
964 3195 1077 3244 tamen
1103 3185 1167 3244 dis-

112 3255 202 3345 J’ecti
228 3261 373 3321 membra
400 3273 517 3341 poetae
545 3282 708 3343 agnoscas.
757 3265 910 3347 Experiar
937 3271 1035 3348 igitur
1060 3289 1168 3329 corru-

111 3347 221 3431 ptelis
251 3346 391 3406 liberare
419 3354 559 3416 textum,
587 3348 708 3426 quibus
736 3348 944 3411 dedecoratus
981 3373 1053 3413 esse
1078 3352 1169 3413 vide·

112 3444 185 3496 tur.
226 3429 341 3514 Neque
361 3439 440 3512 puto
460 3427 542 3501 fore,
561 3435 621 3510 qui
640 3437 787 3500 extremis
808 3438 930 3498 verbis:
947 3429 1039 3496 τόθεν
1054 3456 1169 3516 -φυ-

9 3543 11 3546 ·
113 3518 181 3590 1111
202 3524 425 3582 tetrametrum
447 3513 598 3584 Jonicurn
622 3519 845 3580 catalecticum
868 3523 1024 3580 constitui
1036 3533 1167 3600 negent.

9 3655 11 3662 ,
114 3598 224 3662 Vides
247 3619 320 3679 ergo
341 3608 443 3658 totam
462 3597 588 3659 mesodi
607 3610 800 3664 structuram
814 3602 855 3663 ad
868 3604 1168 3686 metrumJonicum

117 3693 281 3761 spectare.
322 3677 415 3764 Quae
437 3704 510 3746 cum
527 3687 577 3742 ita
590 3687 681 3756 -sint,
710 3688 810 3748 verba
830 3680 994 3770 φιλόφρωνΙ
1008 3720 1051 3734 -
1069 3686 1172 3773 ciped-

9 3775 11 3846 ξ
117 3781 223 3837 oraru
244 3767 323 3828 olim
343 3770 392 3826 ita
412 3767 619 3830 accomodata
637 3768 751 3841 fuisse,
782 3782 820 3831 ut
840 3784 895 3833 aut
912 3772 1044 3837 Jonicos
1067 3796 1086 3835 a
1106 3779 1167 3835 rni-

8 3929 17 3944 .
118 3868 208 3912 11010
233 3869 329 3932 puros
359 3861 415 3914 aut
440 3847 680 3931 Anacreonteoa
717 3845 1008 3939 v&amplecterentur
1035 3849 1167 3931 uersus,
1260 3887 1267 3900 ·
