<?xml version="1.0" encoding="UTF-8"?>
<!DOCTYPE html PUBLIC "-//W3C//DTD XHTML 1.0 Transitional//EN"
    "http://www.w3.org/TR/xhtml1/DTD/xhtml1-transitional.dtd">
<html xmlns="http://www.w3.org/1999/xhtml" xml:lang="en" lang="en">
 <head>
  <title>
</title>
<meta http-equiv="Content-Type" content="text/html;charset=utf-8" />
  <meta name='ocr-system' content='tesseract 3.04.00' />
  <meta name='ocr-capabilities' content='ocr_page ocr_carea ocr_par ocr_line ocrx_word'/>
</head>
<body>
  <div class='ocr_page' id='page_1' title='image "./persaeadfidemli00pinzgoog_0161.png"; bbox 0 0 2717 4600; ppageno 0'>
   <div class='ocr_carea' id='block_1_1' title="bbox 494 173 762 267">
    <p class='ocr_par' dir='ltr' id='par_1_1' title="bbox 494 173 762 267">
     <span class='ocr_line' id='line_1_1' title="bbox 494 173 762 267; baseline 0 -58"><span class='ocrx_word' id='word_1_1' title='bbox 494 178 554 209; x_wconf 54' lang='lat'><strong>1...</strong></span> <span class='ocrx_word' id='word_1_2' title='bbox 594 173 662 267; x_wconf 50' lang='grc' dir='ltr'>ψ</span> <span class='ocrx_word' id='word_1_3' title='bbox 712 182 762 209; x_wconf 70' lang='grc' dir='ltr'><strong>..ι</strong></span> 
     </span>
    </p>
   </div>
   <div class='ocr_carea' id='block_1_2' title="bbox 111 344 1147 514">
    <p class='ocr_par' dir='ltr' id='par_1_2' title="bbox 111 344 1147 514">
     <span class='ocr_line' id='line_1_2' title="bbox 112 344 1147 431; baseline -0.004 -19"><span class='ocrx_word' id='word_1_4' title='bbox 112 348 280 412; x_wconf 71' lang='lat' dir='ltr'><strong>contendit</strong></span> <span class='ocrx_word' id='word_1_5' title='bbox 294 346 531 421; x_wconf 79' lang='lat' dir='ltr'><strong>Biomiieidius,</strong></span> <span class='ocrx_word' id='word_1_6' title='bbox 547 352 773 431; x_wconf 73' lang='lat' dir='ltr'><strong>imperativum</strong></span> <span class='ocrx_word' id='word_1_7' title='bbox 785 348 972 429; x_wconf 38' lang='lat' dir='ltr'><strong>‘praesentis</strong></span> <span class='ocrx_word' id='word_1_8' title='bbox 990 348 1084 410; x_wconf 72' lang='lat' dir='ltr'><strong>verbi</strong></span> <span class='ocrx_word' id='word_1_9' title='bbox 1098 344 1147 426; x_wconf 61' lang='lat'><strong>712</strong></span> 
     </span>
     <span class='ocr_line' id='line_1_3' title="bbox 111 433 739 514; baseline 0.002 -22"><span class='ocrx_word' id='word_1_10' title='bbox 111 440 235 509; x_wconf 74' lang='grc' dir='ltr'><strong><em>γνωθαι</em></strong></span> <span class='ocrx_word' id='word_1_11' title='bbox 251 436 380 514; x_wconf 74' lang='lat' dir='ltr'><strong>tragicis</strong></span> <span class='ocrx_word' id='word_1_12' title='bbox 399 450 468 494; x_wconf 89' lang='lat' dir='ltr'><strong>non</strong></span> <span class='ocrx_word' id='word_1_13' title='bbox 488 439 526 494; x_wconf 86' lang='lat' dir='ltr'><strong>in</strong></span> <span class='ocrx_word' id='word_1_14' title='bbox 545 454 607 493; x_wconf 87' lang='lat' dir='ltr'><strong>usu</strong></span> <span class='ocrx_word' id='word_1_15' title='bbox 626 433 739 493; x_wconf 80' lang='lat' dir='ltr'><strong>fuisse.</strong></span> 
     </span>
    </p>
   </div>
   <div class='ocr_carea' id='block_1_3' title="bbox 10 506 1148 600">
    <p class='ocr_par' dir='ltr' id='par_1_3' title="bbox 10 506 1148 600">
     <span class='ocr_line' id='line_1_4' title="bbox 10 506 1148 600; baseline -0.006 -21"><span class='ocrx_word' id='word_1_16' title='bbox 10 535 15 544; x_wconf 84' lang='lat'>&#39;</span> <span class='ocrx_word' id='word_1_17' title='bbox 80 546 83 553; x_wconf 27' lang='grc' dir='ltr'><strong>Δ</strong></span> <span class='ocrx_word' id='word_1_18' title='bbox 194 514 315 600; x_wconf 80' lang='grc' dir='ltr'><strong><em>Πέρσαι</em></strong></span> <span class='ocrx_word' id='word_1_19' title='bbox 338 538 413 578; x_wconf 87' lang='lat' dir='ltr'><strong>cum</strong></span> <span class='ocrx_word' id='word_1_20' title='bbox 438 523 475 580; x_wconf 87' lang='lat' dir='ltr'><strong>vi</strong></span> <span class='ocrx_word' id='word_1_21' title='bbox 500 506 639 597; x_wconf 78' lang='lat' dir='ltr'><strong>quadam</strong></span> <span class='ocrx_word' id='word_1_22' title='bbox 661 517 694 576; x_wconf 86' lang='lat' dir='ltr'><strong>h.</strong></span> <span class='ocrx_word' id='word_1_23' title='bbox 715 518 739 581; x_wconf 92' lang='lat' dir='ltr'><strong>l.</strong></span> <span class='ocrx_word' id='word_1_24' title='bbox 761 514 889 597; x_wconf 77' lang='lat' dir='ltr'><strong>dicitur,</strong></span> <span class='ocrx_word' id='word_1_25' title='bbox 915 525 954 575; x_wconf 88' lang='lat' dir='ltr'><strong>ut</strong></span> <span class='ocrx_word' id='word_1_26' title='bbox 982 514 1148 596; x_wconf 83' lang='lat' dir='ltr'><strong>dignitatis</strong></span> 
     </span>
    </p>
   </div>
   <div class='ocr_carea' id='block_1_4' title="bbox 111 601 1150 769">
    <p class='ocr_par' dir='ltr' id='par_1_4' title="bbox 111 601 1150 769">
     <span class='ocr_line' id='line_1_5' title="bbox 111 601 1150 682; baseline -0.005 -21"><span class='ocrx_word' id='word_1_27' title='bbox 111 624 241 682; x_wconf 76' lang='lat' dir='ltr'><strong>nomen.</strong></span> <span class='ocrx_word' id='word_1_28' title='bbox 284 603 416 661; x_wconf 83' lang='lat' dir='ltr'><strong>Frustra</strong></span> <span class='ocrx_word' id='word_1_29' title='bbox 437 605 537 682; x_wconf 82' lang='lat' dir='ltr'><strong>igitur</strong></span> <span class='ocrx_word' id='word_1_30' title='bbox 556 601 780 662; x_wconf 82' lang='lat' dir='ltr'><strong>Blomiieldius</strong></span> <span class='ocrx_word' id='word_1_31' title='bbox 807 603 990 663; x_wconf 73' lang='lat' dir='ltr'><strong>vocativum</strong></span> <span class='ocrx_word' id='word_1_32' title='bbox 1010 602 1150 658; x_wconf 86' lang='lat' dir='ltr'><strong>mutavit</strong></span> 
     </span>
     <span class='ocr_line' id='line_1_6' title="bbox 112 678 1117 769; baseline -0.004 -24"><span class='ocrx_word' id='word_1_33' title='bbox 112 691 149 745; x_wconf 90' lang='lat' dir='ltr'><strong>in</strong></span> <span class='ocrx_word' id='word_1_34' title='bbox 172 686 308 767; x_wconf 72' lang='grc' dir='ltr'><strong>Περσῶν.</strong></span> <span class='ocrx_word' id='word_1_35' title='bbox 350 687 403 746; x_wconf 89' lang='lat' dir='ltr'><strong>De</strong></span> <span class='ocrx_word' id='word_1_36' title='bbox 422 680 556 769; x_wconf 72' lang='grc' dir='ltr'><strong>γηραλέα</strong></span> <span class='ocrx_word' id='word_1_37' title='bbox 572 679 751 766; x_wconf 79' lang='grc' dir='ltr'><em>πιστώματα</em></span> <span class='ocrx_word' id='word_1_38' title='bbox 769 683 812 745; x_wconf 82' lang='lat' dir='ltr'><strong>cf.</strong></span> <span class='ocrx_word' id='word_1_39' title='bbox 835 678 1011 744; x_wconf 55' lang='lat' dir='ltr'><strong>notam&#39;ad</strong></span> <span class='ocrx_word' id='word_1_40' title='bbox 1032 702 1063 743; x_wconf 83' lang='lat' dir='ltr'><strong>r.</strong></span> <span class='ocrx_word' id='word_1_41' title='bbox 1087 681 1117 741; x_wconf 83' lang='lat'><strong>2.</strong></span> 
     </span>
    </p>
   </div>
   <div class='ocr_carea' id='block_1_5' title="bbox 112 800 1156 2148">
    <p class='ocr_par' dir='ltr' id='par_1_5' title="bbox 112 800 1156 2148">
     <span class='ocr_line' id='line_1_7' title="bbox 194 800 1149 890; baseline -0.003 -19"><span class='ocrx_word' id='word_1_42' title='bbox 194 832 226 875; x_wconf 81' lang='lat' dir='ltr'><strong>r.</strong></span> <span class='ocrx_word' id='word_1_43' title='bbox 251 803 323 877; x_wconf 78' lang='grc'><strong>116.</strong></span> <span class='ocrx_word' id='word_1_44' title='bbox 375 810 482 872; x_wconf 86' lang='lat' dir='ltr'><strong>Locus</strong></span> <span class='ocrx_word' id='word_1_45' title='bbox 514 810 722 873; x_wconf 90' lang='lat' dir='ltr'><strong>Blomfieldio</strong></span> <span class='ocrx_word' id='word_1_46' title='bbox 759 814 832 871; x_wconf 86' lang='lat' dir='ltr'><strong>sine</strong></span> <span class='ocrx_word' id='word_1_47' title='bbox 857 810 956 870; x_wconf 91' lang='lat' dir='ltr'><strong>dubio</strong></span> <span class='ocrx_word' id='word_1_48' title='bbox 982 800 1149 890; x_wconf 80' lang='lat' dir='ltr'><strong>corruptus</strong></span> 
     </span>
     <span class='ocr_line' id='line_1_8' title="bbox 112 894 1151 978; baseline -0.009 -18"><span class='ocrx_word' id='word_1_49' title='bbox 112 894 253 968; x_wconf 79' lang='lat' dir='ltr'><strong>videtur,</strong></span> <span class='ocrx_word' id='word_1_50' title='bbox 283 916 384 976; x_wconf 84' lang='lat' dir='ltr'><strong>quam</strong></span> <span class='ocrx_word' id='word_1_51' title='bbox 414 905 525 955; x_wconf 88' lang='lat' dir='ltr'><strong>tamen</strong></span> <span class='ocrx_word' id='word_1_52' title='bbox 550 900 620 976; x_wconf 91' lang='lat' dir='ltr'><strong>ipse</strong></span> <span class='ocrx_word' id='word_1_53' title='bbox 646 894 783 978; x_wconf 87' lang='lat' dir='ltr'><strong>protulit</strong></span> <span class='ocrx_word' id='word_1_54' title='bbox 811 894 1083 962; x_wconf 80' lang='lat' dir='ltr'><strong>emendationem,</strong></span> <span class='ocrx_word' id='word_1_55' title='bbox 1112 912 1151 952; x_wconf 91' lang='lat' dir='ltr'><strong>ea</strong></span> 
     </span>
     <span class='ocr_line' id='line_1_9' title="bbox 112 974 1152 1059; baseline -0.006 -19"><span class='ocrx_word' id='word_1_56' title='bbox 112 974 260 1040; x_wconf 87' lang='lat' dir='ltr'><strong>omnium</strong></span> <span class='ocrx_word' id='word_1_57' title='bbox 282 983 419 1040; x_wconf 87' lang='lat' dir='ltr'><strong>minime</strong></span> <span class='ocrx_word' id='word_1_58' title='bbox 441 979 618 1059; x_wconf 86' lang='lat' dir='ltr'><strong>probabilis</strong></span> <span class='ocrx_word' id='word_1_59' title='bbox 631 989 691 1043; x_wconf 86' lang='lat' dir='ltr'><strong>est.</strong></span> <span class='ocrx_word' id='word_1_60' title='bbox 730 976 865 1038; x_wconf 85' lang='lat' dir='ltr'>Rectam</span> <span class='ocrx_word' id='word_1_61' title='bbox 878 982 965 1039; x_wconf 86' lang='lat' dir='ltr'><strong>viam</strong></span> <span class='ocrx_word' id='word_1_62' title='bbox 979 982 1046 1058; x_wconf 64' lang='lat' dir='ltr'><strong>jaim</strong></span> <span class='ocrx_word' id='word_1_63' title='bbox 1059 995 1152 1035; x_wconf 90' lang='lat' dir='ltr'><strong>mon·</strong></span> 
     </span>
     <span class='ocr_line' id='line_1_10' title="bbox 113 1061 1151 1145; baseline -0.007 -21"><span class='ocrx_word' id='word_1_64' title='bbox 113 1074 271 1124; x_wconf 86' lang='lat' dir='ltr'><strong>straverat</strong></span> <span class='ocrx_word' id='word_1_65' title='bbox 285 1065 569 1145; x_wconf 81' lang='lat' dir='ltr'><strong>ingeniosissimus</strong></span> <span class='ocrx_word' id='word_1_66' title='bbox 587 1061 789 1121; x_wconf 79' lang='lat' dir='ltr'><strong>Schuetzius:</strong></span> <span class='ocrx_word' id='word_1_67' title='bbox 811 1063 945 1123; x_wconf 87' lang='lat' dir='ltr'><strong>Etenim</strong></span> <span class='ocrx_word' id='word_1_68' title='bbox 954 1081 1068 1122; x_wconf 86' lang='lat' dir='ltr'><strong>sensus</strong></span> <span class='ocrx_word' id='word_1_69' title='bbox 1087 1071 1151 1120; x_wconf 71' lang='lat' dir='ltr'><strong>este</strong></span> 
     </span>
     <span class='ocr_line' id='line_1_11' title="bbox 113 1144 1150 1226; baseline -0.006 -19"><span class='ocrx_word' id='word_1_70' title='bbox 113 1149 228 1220; x_wconf 86' lang='lat' dir='ltr'><strong>„Bene</strong></span> <span class='ocrx_word' id='word_1_71' title='bbox 247 1147 310 1209; x_wconf 88' lang='lat' dir='ltr'><strong>hoc</strong></span> <span class='ocrx_word' id='word_1_72' title='bbox 331 1151 424 1217; x_wconf 86' lang='lat' dir='ltr'><strong>scito,</strong></span> <span class='ocrx_word' id='word_1_73' title='bbox 447 1165 465 1207; x_wconf 90' lang='grc' dir='ltr'>ο</span> <span class='ocrx_word' id='word_1_74' title='bbox 486 1149 601 1225; x_wconf 82' lang='lat' dir='ltr'><strong>regina</strong></span> <span class='ocrx_word' id='word_1_75' title='bbox 621 1144 718 1205; x_wconf 88' lang='lat' dir='ltr'><strong>buius</strong></span> <span class='ocrx_word' id='word_1_76' title='bbox 737 1156 854 1215; x_wconf 86' lang='lat' dir='ltr'><strong>terrae,</strong></span> <span class='ocrx_word' id='word_1_77' title='bbox 881 1166 950 1206; x_wconf 87' lang='lat' dir='ltr'><strong>nou</strong></span> <span class='ocrx_word' id='word_1_78' title='bbox 971 1166 1050 1226; x_wconf 90' lang='lat' dir='ltr'><strong>opus</strong></span> <span class='ocrx_word' id='word_1_79' title='bbox 1071 1164 1150 1217; x_wconf 89' lang='lat' dir='ltr'><strong>esse,</strong></span> 
     </span>
     <span class='ocr_line' id='line_1_12' title="bbox 115 1229 1153 1313; baseline -0.007 -21"><span class='ocrx_word' id='word_1_80' title='bbox 115 1245 152 1292; x_wconf 89' lang='lat' dir='ltr'><strong>ut</strong></span> <span class='ocrx_word' id='word_1_81' title='bbox 171 1233 224 1293; x_wconf 90' lang='lat' dir='ltr'><strong>bis</strong></span> <span class='ocrx_word' id='word_1_82' title='bbox 246 1236 385 1313; x_wconf 86' lang='lat' dir='ltr'><strong>imperes</strong></span> <span class='ocrx_word' id='word_1_83' title='bbox 404 1231 460 1293; x_wconf 86' lang='lat' dir='ltr'><strong>vel</strong></span> <span class='ocrx_word' id='word_1_84' title='bbox 478 1251 664 1299; x_wconf 64' lang='lat' dir='ltr'><strong>serrnoncm⁴</strong></span> <span class='ocrx_word' id='word_1_85' title='bbox 681 1229 736 1291; x_wconf 88' lang='lat' dir='ltr'><strong>vel</strong></span> <span class='ocrx_word' id='word_1_86' title='bbox 753 1234 923 1304; x_wconf 85' lang='lat' dir='ltr'><strong>actionem,</strong></span> <span class='ocrx_word' id='word_1_87' title='bbox 952 1229 1072 1309; x_wconf 84' lang='lat' dir='ltr'><strong>quibus</strong></span> <span class='ocrx_word' id='word_1_88' title='bbox 1095 1244 1153 1286; x_wconf 88' lang='lat' dir='ltr'><strong>no·</strong></span> 
     </span>
     <span class='ocr_line' id='line_1_13' title="bbox 115 1310 1153 1397; baseline -0.005 -22"><span class='ocrx_word' id='word_1_89' title='bbox 115 1310 181 1387; x_wconf 72' lang='lat' dir='ltr'><strong>stra</strong></span> <span class='ocrx_word' id='word_1_90' title='bbox 202 1315 348 1375; x_wconf 84' lang='lat' dir='ltr'><strong>faciendi</strong></span> <span class='ocrx_word' id='word_1_91' title='bbox 366 1324 508 1396; x_wconf 89' lang='lat' dir='ltr'><strong>potestas</strong></span> <span class='ocrx_word' id='word_1_92' title='bbox 530 1317 656 1397; x_wconf 89' lang='lat' dir='ltr'><strong>praeire</strong></span> <span class='ocrx_word' id='word_1_93' title='bbox 676 1314 799 1378; x_wconf 81' lang='lat' dir='ltr'><strong>veliti.</strong></span> <span class='ocrx_word' id='word_1_94' title='bbox 821 1335 855 1384; x_wconf 72' lang='lat' dir='ltr'><strong>e.</strong></span> <span class='ocrx_word' id='word_1_95' title='bbox 878 1334 963 1392; x_wconf 76' lang='lat' dir='ltr'><strong>qrrae</strong></span> <span class='ocrx_word' id='word_1_96' title='bbox 983 1318 1021 1373; x_wconf 89' lang='lat' dir='ltr'><strong>in</strong></span> <span class='ocrx_word' id='word_1_97' title='bbox 1043 1321 1153 1371; x_wconf 87' lang='lat' dir='ltr'><strong>nostra</strong></span> 
     </span>
     <span class='ocr_line' id='line_1_14' title="bbox 115 1392 1153 1496; baseline -0.007 -37"><span class='ocrx_word' id='word_1_98' title='bbox 115 1410 276 1481; x_wconf 81' lang='lat' dir='ltr'><strong>potestate</strong></span> <span class='ocrx_word' id='word_1_99' title='bbox 302 1403 409 1480; x_wconf 87' lang='lat' dir='ltr'><strong>posita</strong></span> <span class='ocrx_word' id='word_1_100' title='bbox 436 1400 531 1458; x_wconf 86' lang='lat' dir='ltr'><strong>sint.“</strong></span> <span class='ocrx_word' id='word_1_101' title='bbox 571 1396 732 1458; x_wconf 78' lang='lat' dir='ltr'><strong>Audacter</strong></span> <span class='ocrx_word' id='word_1_102' title='bbox 752 1392 884 1496; x_wconf 59' lang='lat' dir='ltr'><strong>quidam</strong></span> <span class='ocrx_word' id='word_1_103' title='bbox 915 1408 948 1457; x_wconf 87' lang='lat' dir='ltr'><strong>et</strong></span> <span class='ocrx_word' id='word_1_104' title='bbox 977 1414 1063 1458; x_wconf 86' lang='lat' dir='ltr'><strong>nove</strong></span> <span class='ocrx_word' id='word_1_105' title='bbox 1091 1392 1153 1453; x_wconf 88' lang='lat' dir='ltr'><strong>Ae-</strong></span> 
     </span>
     <span class='ocr_line' id='line_1_15' title="bbox 117 1474 1154 1563; baseline -0.007 -21"><span class='ocrx_word' id='word_1_106' title='bbox 117 1482 249 1563; x_wconf 83' lang='lat' dir='ltr'><strong>schylus</strong></span> <span class='ocrx_word' id='word_1_107' title='bbox 270 1503 318 1551; x_wconf 89' lang='lat' dir='ltr'><strong>ea,</strong></span> <span class='ocrx_word' id='word_1_108' title='bbox 340 1503 424 1561; x_wconf 87' lang='lat' dir='ltr'><strong>quae</strong></span> <span class='ocrx_word' id='word_1_109' title='bbox 443 1481 612 1563; x_wconf 88' lang='lat' dir='ltr'><strong>possibilia</strong></span> <span class='ocrx_word' id='word_1_110' title='bbox 632 1493 719 1555; x_wconf 87' lang='lat' dir='ltr'><strong>sunt,</strong></span> <span class='ocrx_word' id='word_1_111' title='bbox 741 1474 869 1563; x_wconf 59' lang='lat' dir='ltr'><strong>derefter</strong></span> <span class='ocrx_word' id='word_1_112' title='bbox 894 1480 1084 1542; x_wconf 83' lang='lat' dir='ltr'><strong>antecedere</strong></span> <span class='ocrx_word' id='word_1_113' title='bbox 1106 1477 1154 1537; x_wconf 86' lang='lat' dir='ltr'><strong>di·</strong></span> 
     </span>
     <span class='ocr_line' id='line_1_16' title="bbox 118 1563 1154 1647; baseline -0.003 -23"><span class='ocrx_word' id='word_1_114' title='bbox 118 1571 175 1636; x_wconf 82' lang='lat' dir='ltr'><strong>xit,</strong></span> <span class='ocrx_word' id='word_1_115' title='bbox 196 1564 253 1625; x_wconf 89' lang='lat' dir='ltr'><strong>sed</strong></span> <span class='ocrx_word' id='word_1_116' title='bbox 273 1564 362 1625; x_wconf 86' lang='lat' dir='ltr'><strong>haud</strong></span> <span class='ocrx_word' id='word_1_117' title='bbox 382 1569 501 1624; x_wconf 88' lang='lat' dir='ltr'><strong>scimus</strong></span> <span class='ocrx_word' id='word_1_118' title='bbox 530 1586 573 1624; x_wconf 91' lang='lat' dir='ltr'><strong>an</strong></span> <span class='ocrx_word' id='word_1_119' title='bbox 591 1565 678 1625; x_wconf 82' lang='lat' dir='ltr'><strong>nihil</strong></span> <span class='ocrx_word' id='word_1_120' title='bbox 705 1570 835 1647; x_wconf 87' lang='lat' dir='ltr'><strong>spiritui</strong></span> <span class='ocrx_word' id='word_1_121' title='bbox 853 1563 1032 1644; x_wconf 87' lang='lat' dir='ltr'><strong>Aeschyleo</strong></span> <span class='ocrx_word' id='word_1_122' title='bbox 1055 1566 1154 1623; x_wconf 80' lang='lat' dir='ltr'><strong>¹acro-</strong></span> 
     </span>
     <span class='ocr_line' id='line_1_17' title="bbox 118 1637 1155 1732; baseline -0.005 -24"><span class='ocrx_word' id='word_1_123' title='bbox 118 1648 279 1709; x_wconf 87' lang='lat' dir='ltr'><strong>modatius</strong></span> <span class='ocrx_word' id='word_1_124' title='bbox 299 1653 469 1729; x_wconf 81' lang='lat' dir='ltr'><strong>excogitari</strong></span> <span class='ocrx_word' id='word_1_125' title='bbox 487 1660 597 1729; x_wconf 79' lang='lat' dir='ltr'><strong>queat.</strong></span> <span class='ocrx_word' id='word_1_126' title='bbox 641 1650 805 1711; x_wconf 86' lang='lat' dir='ltr'><strong>Infinitivi</strong></span> <span class='ocrx_word' id='word_1_127' title='bbox 824 1661 898 1732; x_wconf 91' lang='lat' dir='ltr'><strong>post</strong></span> <span class='ocrx_word' id='word_1_128' title='bbox 918 1637 949 1709; x_wconf 75' lang='lat' dir='ltr'><strong>ul</strong></span> <span class='ocrx_word' id='word_1_129' title='bbox 970 1644 1036 1709; x_wconf 81' lang='grc' dir='ltr'><em>ἴσθι</em></span> <span class='ocrx_word' id='word_1_130' title='bbox 1055 1649 1155 1729; x_wconf 88' lang='lat' dir='ltr'><strong>positi</strong></span> 
     </span>
     <span class='ocr_line' id='line_1_18' title="bbox 121 1731 1154 1815; baseline -0.003 -23"><span class='ocrx_word' id='word_1_131' title='bbox 121 1733 274 1814; x_wconf 84' lang='lat' dir='ltr'><strong>exempla,</strong></span> <span class='ocrx_word' id='word_1_132' title='bbox 299 1736 391 1791; x_wconf 88' lang='lat' dir='ltr'><strong>cuius</strong></span> <span class='ocrx_word' id='word_1_133' title='bbox 416 1733 488 1793; x_wconf 93' lang='lat' dir='ltr'><strong>loco</strong></span> <span class='ocrx_word' id='word_1_134' title='bbox 521 1738 728 1815; x_wconf 82' lang='lat' dir='ltr'><strong>participium</strong></span> <span class='ocrx_word' id='word_1_135' title='bbox 764 1738 914 1794; x_wconf 85' lang='lat' dir='ltr'><strong>usitatius</strong></span> <span class='ocrx_word' id='word_1_136' title='bbox 949 1746 1043 1804; x_wconf 88' lang='lat' dir='ltr'><strong>esset,</strong></span> <span class='ocrx_word' id='word_1_137' title='bbox 1078 1731 1154 1792; x_wconf 86' lang='lat' dir='ltr'><strong>vide</strong></span> 
     </span>
     <span class='ocr_line' id='line_1_19' title="bbox 120 1812 1153 1901; baseline 0.003 -28"><span class='ocrx_word' id='word_1_138' title='bbox 120 1814 206 1896; x_wconf 85' lang='lat' dir='ltr'><strong>apud</strong></span> <span class='ocrx_word' id='word_1_139' title='bbox 229 1815 494 1875; x_wconf 85' lang='lat' dir='ltr'><strong>Elmsleium‘ad</strong></span> <span class='ocrx_word' id='word_1_140' title='bbox 523 1817 601 1878; x_wconf 89' lang='lat' dir='ltr'><strong>Eur.</strong></span> <span class='ocrx_word' id='word_1_141' title='bbox 627 1818 713 1879; x_wconf 88' lang='lat' dir='ltr'><strong>Med.</strong></span> <span class='ocrx_word' id='word_1_142' title='bbox 740 1814 812 1882; x_wconf 82' lang='grc'><strong>580.</strong></span> <span class='ocrx_word' id='word_1_143' title='bbox 846 1840 879 1901; x_wconf 94' lang='lat' dir='ltr'><strong>p.</strong></span> <span class='ocrx_word' id='word_1_144' title='bbox 904 1812 963 1884; x_wconf 82' lang='lat'><strong>178</strong></span> <span class='ocrx_word' id='word_1_145' title='bbox 993 1818 1033 1878; x_wconf 88' lang='lat' dir='ltr'><strong>ed</strong></span> <span class='ocrx_word' id='word_1_146' title='bbox 1060 1815 1153 1895; x_wconf 63' lang='lat' dir='ltr'><strong>Lipss</strong></span> 
     </span>
     <span class='ocr_line' id='line_1_20' title="bbox 116 1896 1156 1984; baseline -0.002 -24"><span class='ocrx_word' id='word_1_147' title='bbox 116 1898 243 1960; x_wconf 85' lang='lat' dir='ltr'><strong>Ibidem</strong></span> <span class='ocrx_word' id='word_1_148' title='bbox 269 1900 445 1960; x_wconf 89' lang='lat' dir='ltr'><strong>Eimsleius</strong></span> <span class='ocrx_word' id='word_1_149' title='bbox 475 1911 585 1962; x_wconf 91' lang='lat' dir='ltr'><strong>nostro</strong></span> <span class='ocrx_word' id='word_1_150' title='bbox 604 1901 677 1965; x_wconf 88' lang='lat' dir='ltr'><strong>loco</strong></span> <span class='ocrx_word' id='word_1_151' title='bbox 699 1896 824 1983; x_wconf 73' lang='grc' dir='ltr'><strong>φράσειν</strong></span> <span class='ocrx_word' id='word_1_152' title='bbox 850 1921 908 1984; x_wconf 91' lang='lat' dir='ltr'><strong>pro</strong></span> <span class='ocrx_word' id='word_1_153' title='bbox 939 1898 1054 1984; x_wconf 65' lang='grc' dir='ltr'><em>φράὸαι</em></span> <span class='ocrx_word' id='word_1_154' title='bbox 1079 1903 1156 1960; x_wconf 88' lang='lat' dir='ltr'><strong>scri·</strong></span> 
     </span>
     <span class='ocr_line' id='line_1_21' title="bbox 116 1982 1156 2068; baseline 0.006 -27"><span class='ocrx_word' id='word_1_155' title='bbox 116 1982 262 2042; x_wconf 88' lang='lat' dir='ltr'><strong>bendum</strong></span> <span class='ocrx_word' id='word_1_156' title='bbox 284 2005 354 2043; x_wconf 88' lang='lat' dir='ltr'><strong>esse</strong></span> <span class='ocrx_word' id='word_1_157' title='bbox 369 1984 546 2058; x_wconf 85' lang='lat' dir='ltr'><strong>contendit,</strong></span> <span class='ocrx_word' id='word_1_158' title='bbox 570 2007 636 2065; x_wconf 89' lang='lat' dir='ltr'><strong>qua</strong></span> <span class='ocrx_word' id='word_1_159' title='bbox 654 1997 766 2046; x_wconf 89' lang='lat' dir='ltr'><strong>tamen</strong></span> <span class='ocrx_word' id='word_1_160' title='bbox 786 1989 968 2046; x_wconf 82' lang='lat' dir='ltr'><strong>mutatione</strong></span> <span class='ocrx_word' id='word_1_161' title='bbox 986 2008 1054 2045; x_wconf 87' lang='lat' dir='ltr'><strong>non</strong></span> <span class='ocrx_word' id='word_1_162' title='bbox 1075 2006 1156 2068; x_wconf 86' lang='lat' dir='ltr'><strong>opus</strong></span> 
     </span>
     <span class='ocr_line' id='line_1_22' title="bbox 119 2063 1156 2148; baseline 0.004 -21"><span class='ocrx_word' id='word_1_163' title='bbox 119 2078 181 2131; x_wconf 88' lang='lat' dir='ltr'><strong>est.</strong></span> <span class='ocrx_word' id='word_1_164' title='bbox 223 2063 372 2126; x_wconf 84' lang='lat' dir='ltr'><strong>Aoristus</strong></span> <span class='ocrx_word' id='word_1_165' title='bbox 393 2072 481 2126; x_wconf 91' lang='lat' dir='ltr'><strong>enim</strong></span> <span class='ocrx_word' id='word_1_166' title='bbox 498 2066 532 2128; x_wconf 90' lang='lat' dir='ltr'><strong>h.</strong></span> <span class='ocrx_word' id='word_1_167' title='bbox 555 2067 579 2131; x_wconf 91' lang='grc'><strong>1.</strong></span> <span class='ocrx_word' id='word_1_168' title='bbox 601 2067 725 2127; x_wconf 88' lang='lat' dir='ltr'><strong>indicat</strong></span> <span class='ocrx_word' id='word_1_169' title='bbox 747 2069 790 2142; x_wconf 84' lang='lat' dir='ltr'><strong>id,</strong></span> <span class='ocrx_word' id='word_1_170' title='bbox 820 2071 908 2148; x_wconf 88' lang='lat' dir='ltr'><strong>quod</strong></span> <span class='ocrx_word' id='word_1_171' title='bbox 926 2080 959 2128; x_wconf 87' lang='lat' dir='ltr'><strong>et</strong></span> <span class='ocrx_word' id='word_1_172' title='bbox 986 2092 1075 2129; x_wconf 88' lang='lat' dir='ltr'><strong>nunc</strong></span> <span class='ocrx_word' id='word_1_173' title='bbox 1096 2083 1156 2142; x_wconf 87' lang='lat' dir='ltr'><strong>est,</strong></span> 
     </span>
    </p>
   </div>
   <div class='ocr_carea' id='block_1_6' title="bbox 10 2147 1158 2242">
    <p class='ocr_par' dir='ltr' id='par_1_6' title="bbox 10 2147 1158 2242">
     <span class='ocr_line' id='line_1_23' title="bbox 10 2147 1158 2242; baseline 0.005 -33"><span class='ocrx_word' id='word_1_174' title='bbox 10 2194 12 2197; x_wconf 88' lang='lat'>-</span> <span class='ocrx_word' id='word_1_175' title='bbox 117 2161 155 2210; x_wconf 90' lang='lat' dir='ltr'><strong>et</strong></span> <span class='ocrx_word' id='word_1_176' title='bbox 179 2154 281 2209; x_wconf 84' lang='lat' dir='ltr'><strong>antea</strong></span> <span class='ocrx_word' id='word_1_177' title='bbox 296 2151 372 2219; x_wconf 80' lang='lat' dir='ltr'><strong>fuit,</strong></span> <span class='ocrx_word' id='word_1_178' title='bbox 388 2162 420 2208; x_wconf 89' lang='lat' dir='ltr'><strong>et</strong></span> <span class='ocrx_word' id='word_1_179' title='bbox 438 2156 475 2208; x_wconf 87' lang='lat' dir='ltr'><strong>in</strong></span> <span class='ocrx_word' id='word_1_180' title='bbox 495 2162 659 2230; x_wconf 89' lang='lat' dir='ltr'><strong>posterum</strong></span> <span class='ocrx_word' id='word_1_181' title='bbox 681 2156 810 2214; x_wconf 74' lang='lat' dir='ltr'><strong>erit&#39;-</strong></span> <span class='ocrx_word' id='word_1_182' title='bbox 854 2157 914 2212; x_wconf 89' lang='lat' dir='ltr'><strong>Pro</strong></span> <span class='ocrx_word' id='word_1_183' title='bbox 936 2147 1012 2242; x_wconf 67' lang='lat' dir='ltr'><strong>dely</strong></span> <span class='ocrx_word' id='word_1_184' title='bbox 1034 2154 1105 2215; x_wconf 87' lang='lat' dir='ltr'><strong>Ald.</strong></span> <span class='ocrx_word' id='word_1_185' title='bbox 1124 2166 1158 2215; x_wconf 89' lang='lat' dir='ltr'><strong>et</strong></span> 
     </span>
    </p>
   </div>
   <div class='ocr_carea' id='block_1_7' title="bbox 111 2226 1161 2736">
    <p class='ocr_par' dir='ltr' id='par_1_7' title="bbox 111 2226 1161 2736">
     <span class='ocr_line' id='line_1_24' title="bbox 115 2226 1157 2318; baseline 0.007 -27"><span class='ocrx_word' id='word_1_186' title='bbox 115 2233 205 2292; x_wconf 90' lang='lat' dir='ltr'><strong>Rob.</strong></span> <span class='ocrx_word' id='word_1_187' title='bbox 225 2226 315 2308; x_wconf 69' lang='lat' dir='ltr'><strong>telae,</strong></span> <span class='ocrx_word' id='word_1_188' title='bbox 334 2234 469 2292; x_wconf 86' lang='lat' dir='ltr'><strong>Cantab.</strong></span> <span class='ocrx_word' id='word_1_189' title='bbox 492 2234 523 2291; x_wconf 82' lang='lat'><strong>2.</strong></span> <span class='ocrx_word' id='word_1_190' title='bbox 544 2228 634 2292; x_wconf 80' lang='grc' dir='ltr'><em>θέλοι</em></span> <span class='ocrx_word' id='word_1_191' title='bbox 655 2236 815 2308; x_wconf 72' lang='lat' dir='ltr'><strong>exhibent.</strong></span> <span class='ocrx_word' id='word_1_192' title='bbox 838 2258 975 2316; x_wconf 89' lang='lat' dir='ltr'><strong>quorum</strong></span> <span class='ocrx_word' id='word_1_193' title='bbox 997 2243 1157 2318; x_wconf 87' lang='lat' dir='ltr'><strong>posterius</strong></span> 
     </span>
     <span class='ocr_line' id='line_1_25' title="bbox 114 2313 1159 2404; baseline 0.006 -27"><span class='ocrx_word' id='word_1_194' title='bbox 114 2319 286 2398; x_wconf 80' lang='lat' dir='ltr'><strong>receptum</strong></span> <span class='ocrx_word' id='word_1_195' title='bbox 303 2316 410 2376; x_wconf 81' lang='lat' dir='ltr'><strong>voluit</strong></span> <span class='ocrx_word' id='word_1_196' title='bbox 435 2313 677 2393; x_wconf 81' lang='lat' dir='ltr'><strong>Blomfieldiua3</strong></span> <span class='ocrx_word' id='word_1_197' title='bbox 703 2330 736 2378; x_wconf 91' lang='lat' dir='ltr'><strong>at</strong></span> <span class='ocrx_word' id='word_1_198' title='bbox 754 2322 933 2404; x_wconf 87' lang='lat' dir='ltr'><strong>typotheta,</strong></span> <span class='ocrx_word' id='word_1_199' title='bbox 960 2333 1072 2403; x_wconf 86' lang='lat' dir='ltr'><strong>utpote</strong></span> <span class='ocrx_word' id='word_1_200' title='bbox 1098 2328 1159 2401; x_wconf 85' lang='lat' dir='ltr'><strong>qui</strong></span> 
     </span>
     <span class='ocr_line' id='line_1_26' title="bbox 111 2395 1159 2489; baseline 0.005 -28"><span class='ocrx_word' id='word_1_201' title='bbox 111 2395 200 2489; x_wconf 58' lang='lat' dir='ltr'><strong>dely</strong></span> <span class='ocrx_word' id='word_1_202' title='bbox 220 2405 398 2461; x_wconf 83' lang='lat' dir='ltr'><strong>servaverit</strong></span> <span class='ocrx_word' id='word_1_203' title='bbox 415 2404 452 2458; x_wconf 92' lang='lat' dir='ltr'><strong>in</strong></span> <span class='ocrx_word' id='word_1_204' title='bbox 474 2402 563 2483; x_wconf 87' lang='lat' dir='ltr'><strong>Lips.</strong></span> <span class='ocrx_word' id='word_1_205' title='bbox 578 2403 703 2462; x_wconf 67' lang='lat' dir='ltr'><strong>‘saltem</strong></span> <span class='ocrx_word' id='word_1_206' title='bbox 724 2403 877 2477; x_wconf 84' lang='lat' dir='ltr'><strong>editione,</strong></span> <span class='ocrx_word' id='word_1_207' title='bbox 899 2405 1051 2484; x_wconf 83' lang='lat' dir='ltr'><strong>Aeschyli</strong></span> <span class='ocrx_word' id='word_1_208' title='bbox 1073 2429 1159 2466; x_wconf 85' lang='lat' dir='ltr'><strong>com-</strong></span> 
     </span>
     <span class='ocr_line' id='line_1_27' title="bbox 112 2485 1160 2565; baseline 0.006 -21"><span class='ocrx_word' id='word_1_209' title='bbox 112 2486 221 2545; x_wconf 85' lang='lat' dir='ltr'><strong>modo</strong></span> <span class='ocrx_word' id='word_1_210' title='bbox 250 2485 370 2543; x_wconf 86' lang='lat' dir='ltr'><strong>melius</strong></span> <span class='ocrx_word' id='word_1_211' title='bbox 394 2490 565 2565; x_wconf 82' lang='lat' dir='ltr'><strong>prospexit,</strong></span> <span class='ocrx_word' id='word_1_212' title='bbox 593 2507 693 2564; x_wconf 88' lang='lat' dir='ltr'><strong>quam</strong></span> <span class='ocrx_word' id='word_1_213' title='bbox 721 2488 834 2549; x_wconf 82' lang='lat' dir='ltr'><strong>editor.</strong></span> <span class='ocrx_word' id='word_1_214' title='bbox 881 2486 1090 2549; x_wconf 63' lang='lat' dir='ltr'><strong>(delerentur</strong></span> <span class='ocrx_word' id='word_1_215' title='bbox 1116 2495 1160 2550; x_wconf 84' lang='lat' dir='ltr'><strong>si·</strong></span> 
     </span>
     <span class='ocr_line' id='line_1_28' title="bbox 115 2568 1161 2655; baseline 0.007 -28"><span class='ocrx_word' id='word_1_216' title='bbox 115 2568 265 2650; x_wconf 79' lang='lat' dir='ltr'><strong>gnificat,</strong></span> <span class='ocrx_word' id='word_1_217' title='bbox 297 2585 404 2645; x_wconf 79' lang='lat' dir='ltr'><strong>„quae</strong></span> <span class='ocrx_word' id='word_1_218' title='bbox 434 2572 508 2646; x_wconf 87' lang='lat' dir='ltr'><strong>quis</strong></span> <span class='ocrx_word' id='word_1_219' title='bbox 537 2573 575 2627; x_wconf 87' lang='lat' dir='ltr'><strong>in</strong></span> <span class='ocrx_word' id='word_1_220' title='bbox 602 2581 712 2630; x_wconf 84' lang='lat' dir='ltr'><strong>nostra</strong></span> <span class='ocrx_word' id='word_1_221' title='bbox 738 2583 898 2651; x_wconf 79' lang='lat' dir='ltr'><strong>potestate</strong></span> <span class='ocrx_word' id='word_1_222' title='bbox 921 2578 1029 2655; x_wconf 88' lang='lat' dir='ltr'><strong>posita</strong></span> <span class='ocrx_word' id='word_1_223' title='bbox 1055 2578 1161 2636; x_wconf 81' lang='lat' dir='ltr'><strong>existi·</strong></span> 
     </span>
     <span class='ocr_line' id='line_1_29' title="bbox 115 2650 958 2736; baseline 0.005 -23"><span class='ocrx_word' id='word_1_224' title='bbox 115 2659 224 2723; x_wconf 86' lang='lat' dir='ltr'><strong>met,“</strong></span> <span class='ocrx_word' id='word_1_225' title='bbox 244 2651 332 2731; x_wconf 84' lang='lat' dir='ltr'><strong>quod</strong></span> <span class='ocrx_word' id='word_1_226' title='bbox 353 2650 385 2715; x_wconf 91' lang='lat' dir='ltr'><strong>h.</strong></span> <span class='ocrx_word' id='word_1_227' title='bbox 406 2651 428 2711; x_wconf 90' lang='grc'><strong>1.</strong></span> <span class='ocrx_word' id='word_1_228' title='bbox 451 2654 658 2736; x_wconf 80' lang='lat' dir='ltr'><strong>rionaptu&#39;m.</strong></span> <span class='ocrx_word' id='word_1_229' title='bbox 823 2681 826 2690; x_wconf 67' lang='lat'>¹</span> <span class='ocrx_word' id='word_1_230' title='bbox 956 2687 958 2692; x_wconf 52' lang='lat'><strong><em>¹</em></strong></span> 
     </span>
    </p>
   </div>
   <div class='ocr_carea' id='block_1_8' title="bbox 107 2765 1255 3009">
    <p class='ocr_par' dir='ltr' id='par_1_8' title="bbox 107 2765 1255 3009">
     <span class='ocr_line' id='line_1_30' title="bbox 107 2765 1163 2868; baseline 0.012 -31"><span class='ocrx_word' id='word_1_231' title='bbox 107 2781 118 2790; x_wconf 80' lang='lat'><strong>&#39;&#39;</strong></span> <span class='ocrx_word' id='word_1_232' title='bbox 208 2797 241 2844; x_wconf 86' lang='lat' dir='ltr'><strong>v.</strong></span> <span class='ocrx_word' id='word_1_233' title='bbox 264 2770 333 2836; x_wconf 80' lang='grc'><strong>148.</strong></span> <span class='ocrx_word' id='word_1_234' title='bbox 379 2769 429 2835; x_wconf 75' lang='grc' dir='ltr'><strong>αἰεὶ</strong></span> <span class='ocrx_word' id='word_1_235' title='bbox 448 2781 585 2859; x_wconf 84' lang='lat' dir='ltr'><strong>primam</strong></span> <span class='ocrx_word' id='word_1_236' title='bbox 615 2765 775 2860; x_wconf 86' lang='lat' dir='ltr'><strong>syllabam</strong></span> <span class='ocrx_word' id='word_1_237' title='bbox 797 2765 931 2868; x_wconf 83' lang='lat' dir='ltr'><strong>semper·</strong></span> <span class='ocrx_word' id='word_1_238' title='bbox 952 2786 1072 2848; x_wconf 88' lang='lat' dir='ltr'><strong>habere</strong></span> <span class='ocrx_word' id='word_1_239' title='bbox 1089 2788 1163 2850; x_wconf 81' lang='lat' dir='ltr'><strong>bre·</strong></span> 
     </span>
     <span class='ocr_line' id='line_1_31' title="bbox 116 2858 1255 3009; baseline 0.011 -88"><span class='ocrx_word' id='word_1_240' title='bbox 116 2882 200 2924; x_wconf 83' lang='lat' dir='ltr'><strong>vem</strong></span> <span class='ocrx_word' id='word_1_241' title='bbox 223 2858 315 2920; x_wconf 85' lang='lat' dir='ltr'><strong>docte</strong></span> <span class='ocrx_word' id='word_1_242' title='bbox 337 2873 449 2920; x_wconf 87' lang='lat' dir='ltr'><strong>monet</strong></span> <span class='ocrx_word' id='word_1_243' title='bbox 468 2860 595 2926; x_wconf 82' lang='lat' dir='ltr'><strong>Passer.</strong></span> <span class='ocrx_word' id='word_1_244' title='bbox 616 2868 652 2924; x_wconf 89' lang='lat' dir='ltr'><strong>in</strong></span> <span class='ocrx_word' id='word_1_245' title='bbox 664 2867 801 3009; x_wconf 45' lang='lat' dir='ltr'><strong>Lenjyr.</strong></span> <span class='ocrx_word' id='word_1_246' title='bbox 822 2882 932 2930; x_wconf 84' lang='lat' dir='ltr'><strong>contra</strong></span> <span class='ocrx_word' id='word_1_247' title='bbox 949 2871 1161 2937; x_wconf 85' lang='lat' dir='ltr'><strong>Piers.Moer.</strong></span> <span class='ocrx_word' id='word_1_248' title='bbox 1221 2911 1225 2914; x_wconf 91' lang='lat'><em>-</em></span> <span class='ocrx_word' id='word_1_249' title='bbox 1250 2879 1255 2888; x_wconf 85' lang='lat'><em>&#39;</em></span> 
     </span>
    </p>
   </div>
   <div class='ocr_carea' id='block_1_9' title="bbox 10 2941 1240 3966">
    <p class='ocr_par' dir='ltr' id='par_1_9' title="bbox 10 2941 1240 3966">
     <span class='ocr_line' id='line_1_32' title="bbox 114 2941 715 3032; baseline 0.02 -33"><span class='ocrx_word' id='word_1_250' title='bbox 114 2967 155 3032; x_wconf 78' lang='lat' dir='ltr'><strong>p.</strong></span> <span class='ocrx_word' id='word_1_251' title='bbox 180 2941 252 3003; x_wconf 77' lang='lat'><strong>231.</strong></span> <span class='ocrx_word' id='word_1_252' title='bbox 275 2943 360 3003; x_wconf 87' lang='lat' dir='ltr'><strong>Pors.</strong></span> <span class='ocrx_word' id='word_1_253' title='bbox 377 2944 479 3028; x_wconf 86' lang='lat' dir='ltr'><strong>praef.</strong></span> <span class='ocrx_word' id='word_1_254' title='bbox 502 2946 580 3008; x_wconf 87' lang='lat' dir='ltr'><strong>Hec.</strong></span> <span class='ocrx_word' id='word_1_255' title='bbox 602 2967 634 3028; x_wconf 90' lang='lat' dir='ltr'><strong>p.</strong></span> <span class='ocrx_word' id='word_1_256' title='bbox 656 2949 715 3012; x_wconf 89' lang='lat' dir='ltr'><strong>IV.</strong></span> 
     </span>
     <span class='ocr_line' id='line_1_33' title="bbox 119 3029 1164 3121; baseline 0.011 -33"><span class='ocrx_word' id='word_1_257' title='bbox 119 3030 303 3105; x_wconf 84' lang='lat' dir='ltr'><strong>ancipitem</strong></span> <span class='ocrx_word' id='word_1_258' title='bbox 325 3048 395 3087; x_wconf 88' lang='lat' dir='ltr'><strong>eam</strong></span> <span class='ocrx_word' id='word_1_259' title='bbox 418 3029 575 3107; x_wconf 85' lang='lat' dir='ltr'><strong>syllabam</strong></span> <span class='ocrx_word' id='word_1_260' title='bbox 595 3032 713 3098; x_wconf 88' lang='lat' dir='ltr'><strong>fecere.</strong></span> <span class='ocrx_word' id='word_1_261' title='bbox 755 3033 914 3098; x_wconf 87' lang='lat' dir='ltr'><strong>Nimirum</strong></span> <span class='ocrx_word' id='word_1_262' title='bbox 935 3040 1052 3099; x_wconf 90' lang='lat' dir='ltr'><strong>ubiubi</strong></span> <span class='ocrx_word' id='word_1_263' title='bbox 1065 3041 1164 3121; x_wconf 85' lang='lat' dir='ltr'><strong>longa</strong></span> 
     </span>
     <span class='ocr_line' id='line_1_34' title="bbox 118 3110 1161 3203; baseline 0.012 -31"><span class='ocrx_word' id='word_1_264' title='bbox 118 3110 255 3192; x_wconf 88' lang='lat' dir='ltr'><strong>syllaba</strong></span> <span class='ocrx_word' id='word_1_265' title='bbox 275 3132 355 3194; x_wconf 89' lang='lat' dir='ltr'><strong>opus</strong></span> <span class='ocrx_word' id='word_1_266' title='bbox 375 3123 451 3186; x_wconf 84' lang='lat' dir='ltr'><strong>erat,</strong></span> <span class='ocrx_word' id='word_1_267' title='bbox 477 3112 589 3197; x_wconf 73' lang='lat' dir='ltr'><strong>ionica</strong></span> <span class='ocrx_word' id='word_1_268' title='bbox 607 3119 766 3197; x_wconf 85' lang='lat' dir='ltr'><strong>particula</strong></span> <span class='ocrx_word' id='word_1_269' title='bbox 793 3119 851 3179; x_wconf 76' lang='grc' dir='ltr'><strong>αἰεί</strong></span> <span class='ocrx_word' id='word_1_270' title='bbox 873 3127 926 3181; x_wconf 90' lang='lat' dir='ltr'><strong>usi</strong></span> <span class='ocrx_word' id='word_1_271' title='bbox 943 3134 1020 3182; x_wconf 86' lang='lat' dir='ltr'><strong>sunt</strong></span> <span class='ocrx_word' id='word_1_272' title='bbox 1038 3129 1161 3203; x_wconf 84' lang='lat' dir='ltr'><strong>tragici.</strong></span> 
     </span>
     <span class='ocr_line' id='line_1_35' title="bbox 116 3192 1164 3288; baseline 0.014 -38"><span class='ocrx_word' id='word_1_273' title='bbox 116 3197 164 3282; x_wconf 80' lang='lat' dir='ltr'><strong>ln</strong></span> <span class='ocrx_word' id='word_1_274' title='bbox 189 3192 286 3274; x_wconf 88' lang='lat' dir='ltr'><strong>Soph.</strong></span> <span class='ocrx_word' id='word_1_275' title='bbox 310 3194 385 3255; x_wconf 89' lang='lat' dir='ltr'><strong>Ant.</strong></span> <span class='ocrx_word' id='word_1_276' title='bbox 407 3216 440 3278; x_wconf 87' lang='lat' dir='ltr'><strong>p.</strong></span> <span class='ocrx_word' id='word_1_277' title='bbox 460 3195 520 3257; x_wconf 79' lang='grc'><strong>883</strong></span> <span class='ocrx_word' id='word_1_278' title='bbox 542 3198 606 3273; x_wconf 86' lang='lat' dir='ltr'><strong>(ed.</strong></span> <span class='ocrx_word' id='word_1_279' title='bbox 629 3200 716 3277; x_wconf 76' lang='lat' dir='ltr'><strong>Eri.)</strong></span> <span class='ocrx_word' id='word_1_280' title='bbox 744 3201 936 3287; x_wconf 73' lang='grc' dir='ltr'><em>ᾳῑείφρουρος</em></span> <span class='ocrx_word' id='word_1_281' title='bbox 963 3211 1093 3288; x_wconf 89' lang='lat' dir='ltr'><strong>optimis</strong></span> <span class='ocrx_word' id='word_1_282' title='bbox 1123 3207 1164 3266; x_wconf 91' lang='lat' dir='ltr'><strong>li·</strong></span> 
     </span>
     <span class='ocr_line' id='line_1_36' title="bbox 116 3271 1213 3369; baseline 0.008 -28"><span class='ocrx_word' id='word_1_283' title='bbox 116 3283 194 3341; x_wconf 88' lang='lat' dir='ltr'><strong>bris</strong></span> <span class='ocrx_word' id='word_1_284' title='bbox 216 3281 361 3358; x_wconf 88' lang='lat' dir='ltr'><strong>stipatur.</strong></span> <span class='ocrx_word' id='word_1_285' title='bbox 402 3271 443 3338; x_wconf 81' lang='lat' dir='ltr'><strong>ln</strong></span> <span class='ocrx_word' id='word_1_286' title='bbox 462 3280 576 3350; x_wconf 89' lang='lat' dir='ltr'><strong>Trach.</strong></span> <span class='ocrx_word' id='word_1_287' title='bbox 601 3279 651 3348; x_wconf 82' lang='lat'><strong>16.</strong></span> <span class='ocrx_word' id='word_1_288' title='bbox 669 3282 728 3345; x_wconf 75' lang='grc' dir='ltr'><strong>αἰεί</strong></span> <span class='ocrx_word' id='word_1_289' title='bbox 749 3292 870 3369; x_wconf 88' lang='lat' dir='ltr'><strong>optima</strong></span> <span class='ocrx_word' id='word_1_290' title='bbox 888 3295 1079 3351; x_wconf 86' lang='lat' dir='ltr'><strong>auctoritate</strong></span> <span class='ocrx_word' id='word_1_291' title='bbox 1100 3302 1164 3351; x_wconf 90' lang='lat' dir='ltr'><strong>sta·</strong></span> <span class='ocrx_word' id='word_1_292' title='bbox 1206 3341 1213 3350; x_wconf 82' lang='grc'><strong>.</strong></span> 
     </span>
     <span class='ocr_line' id='line_1_37' title="bbox 116 3364 1161 3448; baseline 0.011 -23"><span class='ocrx_word' id='word_1_293' title='bbox 116 3364 252 3425; x_wconf 87' lang='lat' dir='ltr'><strong>bilitur.</strong></span> <span class='ocrx_word' id='word_1_294' title='bbox 295 3364 540 3448; x_wconf 22' lang='lat' dir='ltr'><strong>Neque&#39;xminus</strong></span> <span class='ocrx_word' id='word_1_295' title='bbox 556 3369 592 3424; x_wconf 90' lang='lat' dir='ltr'><strong>in</strong></span> <span class='ocrx_word' id='word_1_296' title='bbox 611 3364 726 3431; x_wconf 88' lang='lat' dir='ltr'><strong>Aesch.</strong></span> <span class='ocrx_word' id='word_1_297' title='bbox 747 3371 885 3433; x_wconf 88' lang='lat' dir='ltr'><strong>Eumen.</strong></span> <span class='ocrx_word' id='word_1_298' title='bbox 908 3369 979 3435; x_wconf 84' lang='lat'><strong>586.</strong></span> <span class='ocrx_word' id='word_1_299' title='bbox 999 3370 1070 3433; x_wconf 85' lang='lat'><strong>826.</strong></span> <span class='ocrx_word' id='word_1_300' title='bbox 1088 3369 1161 3440; x_wconf 77' lang='lat'><strong>978.</strong></span> 
     </span>
     <span class='ocr_line' id='line_1_38' title="bbox 118 3440 1164 3529; baseline 0.015 -26"><span class='ocrx_word' id='word_1_301' title='bbox 118 3459 157 3509; x_wconf 84' lang='lat' dir='ltr'><strong>et</strong></span> <span class='ocrx_word' id='word_1_302' title='bbox 188 3450 226 3504; x_wconf 87' lang='lat' dir='ltr'><strong>in</strong></span> <span class='ocrx_word' id='word_1_303' title='bbox 246 3446 359 3529; x_wconf 85' lang='lat' dir='ltr'><strong>Eurip.</strong></span> <span class='ocrx_word' id='word_1_304' title='bbox 385 3446 453 3507; x_wconf 87' lang='lat' dir='ltr'><strong>Alc.</strong></span> <span class='ocrx_word' id='word_1_305' title='bbox 474 3470 505 3509; x_wconf 84' lang='lat' dir='ltr'><strong>v.</strong></span> <span class='ocrx_word' id='word_1_306' title='bbox 524 3440 574 3510; x_wconf 80' lang='grc'><strong>10.</strong></span> <span class='ocrx_word' id='word_1_307' title='bbox 616 3452 657 3511; x_wconf 91' lang='lat' dir='ltr'><strong>In</strong></span> <span class='ocrx_word' id='word_1_308' title='bbox 685 3453 772 3520; x_wconf 89' lang='lat' dir='ltr'><strong>Med.</strong></span> <span class='ocrx_word' id='word_1_309' title='bbox 799 3479 829 3523; x_wconf 85' lang='lat' dir='ltr'><strong>v.</strong></span> <span class='ocrx_word' id='word_1_310' title='bbox 852 3451 923 3518; x_wconf 76' lang='grc'><strong>443.</strong></span> <span class='ocrx_word' id='word_1_311' title='bbox 946 3454 1009 3517; x_wconf 90' lang='grc'><strong>809</strong></span> <span class='ocrx_word' id='word_1_312' title='bbox 1029 3453 1087 3516; x_wconf 73' lang='grc' dir='ltr'><strong>αἰεὶ</strong></span> <span class='ocrx_word' id='word_1_313' title='bbox 1114 3468 1164 3519; x_wconf 90' lang='lat' dir='ltr'><strong>est</strong></span> 
     </span>
     <span class='ocr_line' id='line_1_39' title="bbox 115 3529 1165 3615; baseline 0.011 -24"><span class='ocrx_word' id='word_1_314' title='bbox 115 3529 272 3612; x_wconf 83' lang='lat' dir='ltr'><strong>vulgata,</strong></span> <span class='ocrx_word' id='word_1_315' title='bbox 292 3551 323 3592; x_wconf 83' lang='lat' dir='ltr'><strong>v.</strong></span> <span class='ocrx_word' id='word_1_316' title='bbox 347 3529 418 3596; x_wconf 83' lang='lat'><strong>816.</strong></span> <span class='ocrx_word' id='word_1_317' title='bbox 439 3529 549 3593; x_wconf 74' lang='lat' dir='ltr'><strong>et‘991</strong></span> <span class='ocrx_word' id='word_1_318' title='bbox 573 3535 784 3615; x_wconf 88' lang='lat' dir='ltr'><strong>plurimorum</strong></span> <span class='ocrx_word' id='word_1_319' title='bbox 803 3553 1086 3601; x_wconf 86' lang='lat' dir='ltr'><strong>monumentorum</strong></span> <span class='ocrx_word' id='word_1_320' title='bbox 1108 3563 1165 3603; x_wconf 88' lang='lat' dir='ltr'><strong>au·</strong></span> 
     </span>
     <span class='ocr_line' id='line_1_40' title="bbox 119 3615 1240 3704; baseline 0.012 -30"><span class='ocrx_word' id='word_1_321' title='bbox 119 3618 278 3674; x_wconf 86' lang='lat' dir='ltr'><strong>ctoritate</strong></span> <span class='ocrx_word' id='word_1_322' title='bbox 295 3615 413 3695; x_wconf 84' lang='lat' dir='ltr'><strong>gaudet</strong></span> <span class='ocrx_word' id='word_1_323' title='bbox 434 3615 499 3675; x_wconf 74' lang='lat' dir='ltr'><strong>uiti.</strong></span> <span class='ocrx_word' id='word_1_324' title='bbox 542 3618 650 3698; x_wconf 82' lang='lat' dir='ltr'><strong>Quare</strong></span> <span class='ocrx_word' id='word_1_325' title='bbox 670 3642 738 3682; x_wconf 86' lang='lat' dir='ltr'><strong>non</strong></span> <span class='ocrx_word' id='word_1_326' title='bbox 760 3634 840 3698; x_wconf 58' lang='lat' dir='ltr'><strong>erat.</strong></span> <span class='ocrx_word' id='word_1_327' title='bbox 865 3625 953 3704; x_wconf 89' lang='lat' dir='ltr'><strong>quod</strong></span> <span class='ocrx_word' id='word_1_328' title='bbox 975 3626 1099 3703; x_wconf 86' lang='lat' dir='ltr'><strong>ubique</strong></span> <span class='ocrx_word' id='word_1_329' title='bbox 1118 3623 1166 3686; x_wconf 79' lang='grc' dir='ltr'><strong>ἀεί</strong></span> <span class='ocrx_word' id='word_1_330' title='bbox 1237 3657 1240 3662; x_wconf 84' lang='grc'><em>·</em></span> 
     </span>
     <span class='ocr_line' id='line_1_41' title="bbox 120 3698 1164 3777; baseline 0.016 -23"><span class='ocrx_word' id='word_1_331' title='bbox 120 3698 296 3777; x_wconf 81' lang='lat' dir='ltr'><strong>adoptaret</strong></span> <span class='ocrx_word' id='word_1_332' title='bbox 323 3700 505 3759; x_wconf 87' lang='lat' dir='ltr'><strong>Elmsleius.</strong></span> <span class='ocrx_word' id='word_1_333' title='bbox 551 3703 594 3760; x_wconf 91' lang='lat' dir='ltr'><strong>In</strong></span> <span class='ocrx_word' id='word_1_334' title='bbox 616 3704 730 3765; x_wconf 82' lang='lat' dir='ltr'><strong>fabula</strong></span> <span class='ocrx_word' id='word_1_335' title='bbox 755 3718 872 3768; x_wconf 89' lang='lat' dir='ltr'><strong>nostra.</strong></span> <span class='ocrx_word' id='word_1_336' title='bbox 903 3730 934 3771; x_wconf 81' lang='lat' dir='ltr'><strong>v.</strong></span> <span class='ocrx_word' id='word_1_337' title='bbox 955 3704 1017 3769; x_wconf 84' lang='lat'><strong>566</strong></span> <span class='ocrx_word' id='word_1_338' title='bbox 1043 3707 1102 3769; x_wconf 65' lang='lat' dir='ltr'><strong>atet</strong></span> <span class='ocrx_word' id='word_1_339' title='bbox 1130 3731 1164 3771; x_wconf 90' lang='lat' dir='ltr'><strong>o·</strong></span> 
     </span>
     <span class='ocr_line' id='line_1_42' title="bbox 119 3782 1164 3869; baseline 0.013 -30"><span class='ocrx_word' id='word_1_340' title='bbox 119 3800 223 3839; x_wconf 87' lang='lat' dir='ltr'><strong>mnes</strong></span> <span class='ocrx_word' id='word_1_341' title='bbox 249 3782 326 3841; x_wconf 86' lang='lat' dir='ltr'><strong>libri</strong></span> <span class='ocrx_word' id='word_1_342' title='bbox 349 3786 507 3864; x_wconf 86' lang='lat' dir='ltr'><strong>praebent</strong></span> <span class='ocrx_word' id='word_1_343' title='bbox 530 3800 659 3869; x_wconf 84' lang='lat' dir='ltr'><strong>excepto</strong></span> <span class='ocrx_word' id='word_1_344' title='bbox 690 3791 783 3852; x_wconf 86' lang='lat' dir='ltr'><strong>Cant.</strong></span> <span class='ocrx_word' id='word_1_345' title='bbox 802 3789 833 3852; x_wconf 79' lang='lat'><strong>2.</strong></span> <span class='ocrx_word' id='word_1_346' title='bbox 852 3811 882 3855; x_wconf 77' lang='lat' dir='ltr'><strong>v.</strong></span> <span class='ocrx_word' id='word_1_347' title='bbox 902 3787 963 3859; x_wconf 75' lang='lat'><strong>715</strong></span> <span class='ocrx_word' id='word_1_348' title='bbox 990 3807 1102 3855; x_wconf 85' lang='lat' dir='ltr'><strong>omnes</strong></span> <span class='ocrx_word' id='word_1_349' title='bbox 1123 3794 1164 3853; x_wconf 73' lang='lat' dir='ltr'><strong>ln</strong></span> 
     </span>
     <span class='ocr_line' id='line_1_43' title="bbox 10 3860 1163 3966; baseline 0.016 -45"><span class='ocrx_word' id='word_1_350' title='bbox 10 3881 12 3886; x_wconf 56' lang='lat'>‘</span> <span class='ocrx_word' id='word_1_351' title='bbox 116 3866 180 3923; x_wconf 81' lang='lat' dir='ltr'><strong>bri</strong></span> <span class='ocrx_word' id='word_1_352' title='bbox 200 3860 386 3943; x_wconf 66' lang='lat' dir='ltr'><strong>abbanem</strong></span> <span class='ocrx_word' id='word_1_353' title='bbox 402 3868 545 3949; x_wconf 88' lang='lat' dir='ltr'><strong>produnt</strong></span> <span class='ocrx_word' id='word_1_354' title='bbox 569 3878 707 3956; x_wconf 52' lang='lat' dir='ltr'><strong>&amp;ceptis</strong></span> <span class='ocrx_word' id='word_1_355' title='bbox 729 3873 765 3937; x_wconf 82' lang='lat' dir='ltr'><strong>A.</strong></span> <span class='ocrx_word' id='word_1_356' title='bbox 786 3875 838 3939; x_wconf 55' lang='lat' dir='ltr'><strong>B.»</strong></span> <span class='ocrx_word' id='word_1_357' title='bbox 865 3863 984 3939; x_wconf 79' lang='lat' dir='ltr'><strong>Multis</strong></span> <span class='ocrx_word' id='word_1_358' title='bbox 1003 3879 1163 3966; x_wconf 56' lang='lat' dir='ltr'><strong>&lt;exemplis</strong></span> 
     </span>
    </p>
   </div>
   <div class='ocr_carea' id='block_1_10' title="bbox 771 2943 1164 3036">
    <p class='ocr_par' dir='ltr' id='par_1_10' title="bbox 771 2943 1164 3036">
     <span class='ocr_line' id='line_1_44' title="bbox 771 2943 1164 3036; baseline 0.005 -21"><span class='ocrx_word' id='word_1_359' title='bbox 771 2955 816 3015; x_wconf 90' lang='lat' dir='ltr'><strong>Vl</strong></span> <span class='ocrx_word' id='word_1_360' title='bbox 835 2976 902 3034; x_wconf 84' lang='lat' dir='ltr'><strong>seq.</strong></span> <span class='ocrx_word' id='word_1_361' title='bbox 932 2966 965 3014; x_wconf 89' lang='lat' dir='ltr'><strong>et</strong></span> <span class='ocrx_word' id='word_1_362' title='bbox 986 2943 1077 3028; x_wconf 82' lang='lat' dir='ltr'><strong>alios,</strong></span> <span class='ocrx_word' id='word_1_363' title='bbox 1104 2959 1164 3036; x_wconf 86' lang='lat' dir='ltr'><strong>qui</strong></span> 
     </span>
    </p>
   </div>
   <div class='ocr_carea' id='block_1_11' title="bbox 0 0 1379 4600">
    <p class='ocr_par' dir='ltr' id='par_1_11' title="bbox 0 0 1379 4600">
     <span class='ocr_line' id='line_1_45' title="bbox 0 0 1379 4600; baseline 0 0"><span class='ocrx_word' id='word_1_364' title='bbox 0 0 1379 4600; x_wconf 95' lang='lat' dir='ltr'><strong> </strong></span> 
     </span>
    </p>
   </div>
  </div>
 </body>
</html>
