2717 4600
473 183 846 267 -186-,

110 390 113 395 “
153 430 155 433 ,
179 384 212 428 r.
233 358 305 426 404.
329 330 475 443 Ἰνοτίοις
496 362 679 446 „Magnum
700 382 790 423 mare
809 330 974 424 malorum*
990 368 1137 446 prorupit

101 453 136 508 in
153 450 300 510 Perses.“
341 451 380 509 in
397 450 490 508 libris
512 450 638 528 aliquot
657 444 789 529 ἔρῥωτοιι
808 447 936 528 legitur,
959 451 1137 528 quodcor-

99 539 215 593 rectori
230 535 341 594 deberi
367 544 530 615 putamus,
554 537 614 613 qui
643 532 779 592 audacia
808 530 1017 613 metaphorae
1044 533 1134 592 illius

99 613 225 699 ἐρῥιογεν
247 618 482 679 offendebatur.
581 650 585 657 ·

106 810 110 815 ,
179 763 211 807 v.
233 735 305 804 402.
346 741 442 823 Quod
462 740 493 802 h.
513 741 536 803 l.
562 742 665 802 multo¹
689 744 795 822 aptius
818 730 877 813 est,
898 733 1043 823 βαρβάρῳ
1066 736 1140 814 γένει

98 845 135 887 ex
153 826 278 887 duobus
300 822 392 888 codd.
414 825 608 887 reduximus.
653 826 810 885 Similiter
837 848 868 887 v.
892 819 971 886 484:
998 822 1142 907 Περσικῷ

96 907 178 983 γένει.
202 911 252 973 Cf.
274 913 384 972 Herm.
408 909 449 970 ad
470 910 583 993 Eurip.
605 910 649 970 B..
664 913 736 970 init.

178 1052 208 1099 ν.
229 1029 301 1097 403.
347 1037 429 1096 Cum
446 1035 588 1107 Buthro,
606 1033 822 1107 Blomfieldio‚
845 1035 969 1096 Botheo
990 1035 1140 1119 etEJms·

96 1119 164 1187 leio
187 1120 483 1180 ad-nonnullorum
505 1117 596 1178 codd.
617 1122 840 1177 auctoritatem
862 1119 1017 1199 legimus:
1037 1120 1068 1179 εὐ
1089 1122 1140 1180 νῦν

96 1198 167 1263 τόδ’
198 1199 263 1264 ἴσθι
289 1199 413 1282 μηδέπω
448 1203 556 1281 μεσοῦν
588 1194 703 1275 νιοιιιόν,1
724 1214 894 1262 'commate
922 1214 1034 1283 tamen
1065 1216 1140 1285 post

97 1283 165 1347 ἴσθι
190 1294 302 1348 reciso.
350 1288 445 1347 Talia
473 1290 571 1359 enim,
599 1306 685 1363 quae
714 1306 781 1345 una
811 1291 905 1364 quasi
933 1293 1137 1368 cogitationis

99 1377 186 1432 serie
205 1373 363 1454 complexi
382 1381 460 1430 sunt
474 1371 600 1447 Graeci,
623 1390 665 1428 ne
685 1373 732 1428 ita
751 1369 889 1431 disseces
911 1382 1020 1431 nostra
1040 1377 1140 1431 inter-

98 1460 287 1537 punctione.
344 1455 407 1516 Sed
423 1456 482 1514 ’νῦν
508 1453 606 1535 paulo
632 1454 784 1513 liberiore
809 1465 969 1514 structura
997 1461 1139 1536 positum

101 1539 144 1600 ad
171 1539 373 1602 infinitivum
400 1539 508 1618 μεσοῦν
538 1548 589 1599 est
619 1537 838 1599 referendum.
894 1539 1059 1619 Quoniam
1088 1540 1140 1598 νῦν

100 1624 281 1704 particulae
297 1645 366 1683 non
382 1626 529 1704 e'riguum
545 1626 729 1682 sententiae
749 1622 877 1702 pondus
897 1628 997 1699 inest,
1017 1627 1055 1681 in
1076 1627 1141 1704 pri·

98 1728 187 1766 mam
197 1707 372 1788 periodum
393 1719 488 1787 poeta
511 1726 583 1765 eam
600 1710 762 1786 protraxit.
809 1707 915 1787 Quam
929 1706 1141 1767 construendi

99 1791 294 1872 elegantiam
320 1795 442 1857 imitari
471 1811 538 1851 non
563 1800 701 1877 possunt
732 1791 816 1851 aliae
841 1791 983 1871 linguae.
1025 1793 1139 1852 Ver-tas

94 1896 188 1954 ergo:
210 1876 322 1959 „Bene
342 1873 404 1937 boc
426 1879 509 1933 scias
533 1874 678 1932 nondum
701 1874 872 1934 dimidium
893 1874 1141 1935 esse·malum.“

98 1959 243 2019 Consule
257 1959 451 2023 Ehnsleium
474 1959 513 2017 ad
535 1958 647 2038 Eurip.
670 1958 822 2024 Medeam
843 1981 875 2021 v.
896 1956 947 2022 59.
962 1966 1006 2057 s⁰²
1025 1958 1097 2024 580.

80 2152 85 2163 ,
182 2113 215 2153 v.
240 2084 312 2152 404.
355 2093 440 2150 Num
460 2083 522 2147 ἐπ’4
540 2083 654 2157 αὐτοὺς
682 2109 724 2148 an
745 2083 797 2148 ἐπ’
819 2085 923 2160 αὐτοῖς
950 2103 1142 2174 praeoptan-

97 2175 180 2236 dum
207 2180 261 2245 sit,
286 2176 444 2234 librorum
462 2175 689 2235 testimonium
720 2177 785 2233 nisi
810 2195 932 2252 susque
957 2177 1065 2254 deque
1079 2177 1145 2241 ba·

96 2261 248 2329 beamus,
268 2259 389 2338 litigari
409 2260 534 2335 nequit.
578 2255 748 2336 Quomodo
766 2277 865 2318 rere.
879 2254 932 2317 ἐπ’
961 2254 1065 2329 αὐτοῖς
1093 2265 1144 2320 in-

96 2354 324 2424 terpretemur,
343 2362 412 2401 non
432 2345 543 2408 statim
572 2339 785 2406 manifestum
815 2353 877 2401 est.
916 2342 1011 2423 Quod
1033 2348 1063 2404 si
1076 2346 1138 2410 ,ad-

94 2425 291 2494 verbialiter
310 2429 519 2505 accipiamus‚
539 2427 633 2484 nutat
651 2433 873 2504 „praeterea“,
905 2448 990 2505 quae
1011 2449 1072 2490 vox
1102 2429 1143 2487 ad

94 2514 167 2573 1οοί
196 2531 328 2570 sensum
356 2511 442 2568 bene
461 2507 729 2568 accommodatur.
771 2506 927 2569 Attamen
957 2505 1011 2569 ἐπ’
1039 2508 1143 2580 αὐτοῖς

94 2596 218 2657 melius
245 2593 286 2653 ad
313 2589 450 2673 Πέρσαις
472 2612 504 2653 v.
525 2584 598 2655 402.
627 2590 816 2664 retrahitur,
845 2597 893 2652 ita
923 2604 961 2653 ut
981 2596 1144 2675 significet

93 2690 235 2760 „contra
262 2683 348 2739 eos.“
392 2678 453 2735 Cui
486 2675 694 2756 explicationi
719 2679 856 2735 minime
879 2677 1057 2739 reluctetur
1073 2702 1145 2741 ver-

93 2769 181 2825 bum
207 2756 292 2838 ἦλθε,
322 2765 401 2839 quia
427 2760 527 2821 verba
557 2751 683 2820 motu'm
707 2764 861 2818 'notantia
885 2783 960 2819 cum
979 2769 1144 2844 praeposi-

93 2853 193 2909 tione
211 2841 262 2904 ἐπὶ
278 2854 312 2904 et
331 2845 442 2904 dativo
464 2864 532 2903 non
549 2863 620 2902 raro
643 2843 847 2923 copulantur.
891 2844 1045 2927 Exempla
1073 2853 1143 2912 eius

93 2950 179 2994 usus
198 2933 236 2988 in
250 2938 379 3009 promtu
396 2938 474 2987 sunt
490 2949 527 2992 ex
544 2928 698 3000 Homero,
720 2931 813 2991 cuius
827 2946 1010 2999 sermonem
1029 2931 1151 2993 luben--

92 3029 153 3077 ter
172 3013 366 3073 affectarunt
384 3015 506 3092 tragici
547 3009 669 3079 Videas
686 3008 873 3077 Passovium
893 3017 931 3075 in
944 3013 1020 3078 Lex.
1043 3036 1088 3095 gr.
1111 3027 1145 3076 et
1190 3013 1194 3022 ’

91 3102 170 3163 Jao.
197 3094 235 3156 A.
263 3097 299 3155 P.
326 3117 358 3177 p.
378 3088 450 3156 468.
477 3091 550 3155 593.
581 3093 720 3154 ,Sensus
748 3115 822 3175 ergo
849 3107 913 3161 est:
944 3098 1058 3168 „Talis
1088 3121 1144 3160 eos

93 3185 301 3276 oppugnavit
320 3180 455 3239 tortune-
472 3179 642 3239 adversa.¹‘
699 3182 701 3185 ’
801 3227 804 3232 .

186 3328 218 3369 ν.
238 3299 310 3366 405.
352 3304 485 3366 Scilicet
498 3323 583 3383 quae
604 3300 750 3363 nondum
769 3304 868 3364 retuli
885 3273 982 3378 mala,
999 3287 1050 3367 bis'
1072 3329 1146 3378 nar·

90 3404 171 3455 rata
190 3396 347 3473 gravitate
369 3399 520 3469 aequant.
624 3405 627 3408 ·
747 3394 750 3402 '

184 3539 217 3592 γ.
237 3509 309 3583 407.
329 3508 401 3584 408,
444 3485 512 3576 Ιεῐίὶ
525 3534 636 3588 versus
646 3472 697 3573 'in
718 3508 841 3573 Aldina
861 3471 1015 3595 leguntur
1036 3522 1102 3592 stc:
1123 3525 1146 3584 ᾗ
1250 3517 1259 3567 ζ

184 3607 271 3686 λέξον
290 3606 350 3673 τίν’
371 3599 410 3688 οὗ
431 3606 489 3704 φῂς
514 3605 569 3689 τὴν
596 3603 630 3684 δὲ
656 3608 825 3690 (emendes
852 3605 950 3690 τήνδε)
982 3612 1145 3713 συμφορὰν

933 3717 1077 3788 supereo,

186 3774 286 3849 ἐλθεῖν
300 3780 407 3873 1νεανιῶν
429 3774 581 3875 §ducerer
601 3755 632 3852 ἐξ
652 3772 693 3836 τὰ
711 3767 861 3855 μάσσονα.
1071 3851 1075 3856 ⁵

93 3905 175 3971 quo
195 3899 290 3979 pacto
310 3891 446 3952 metrica
471 3907 573 3971 petua
596 3889 640 3952 ln
661 3905 773 3951 versus
797 3886 867 3954 futu
896 3897 1045 3973 congruit
1071 3915 1145 3956 cum
1214 3967 1217 3971 Α
