2717 4600
433 168 521 200 '····
570 166 643 230 219
694 180 745 200 ··

17 403 20 410 ,
101 352 132 402 et
155 344 376 403 connectione
399 339 558 404 brevium.
576 336 786 418 syllabarum,
818 356 906 417 quae
936 323 1132 400 euamreti·
1171 367 1174 374 ¹

17 463 19 474 .
100 437 175 487 nent
205 446 407 493 mensuram,
439 423 693 505 'supersedemus
728 433 762 483 et
793 443 928 504 pausam
956 424 1133 501 quandam,

80 532 194 591 'quam
213 520 289 570 ente
309 502 405 590 βαλὴν
424 530 461 567 ac
480 499 570 599 κλύῃς
589 510 728 586 requirit
756 528 881 577 sensus,
912 511 1011 568 etiam
1029 519 1134 568 mette

102 598 311 676 exprimimus,
339 603 375 653 ot
394 592 538 671 denique
564 595 665 652 totius
698 595 818 654 cantici
846 590 969 661 indoli,
1003 611 1042 652 er
1067 611 1134 669 qua

21 715 30 725 ›
101 681 339 740 concitatissimi
369 681 498 737 numeri
526 680 649 758 optime
673 673 879 745 adhibentur,
907 674 1134 735 satisfacimus.

99 763 176 823 Nam
208 766 307 844 primi
337 782 477 843 paeones
512 759 670 820 dochmiis
700 764 828 842 saepius
857 763 1137 836 intermiscentur3

102 846 279 907 cuiusmodi
297 867 440 928 paeones
461 844 572 927 plures
584 843 668 904 falso
689 864 748 926 pro
763 847 890 904 creticis
916 845 1025 903 attulit
1047 842 1136 903 Scid-

100 931 181 992 lerus
208 930 232 991 l.
262 953 288 990 c.
316 952 348 1012 p.
375 922 445 991 124.
472 929 596 988 ·Porro
623 928 732 987 hiatus
764 933 801 988 in
832 923 879 986 iot
907 924 977 990 ’ίκου
1015 928 1057 988 ob
1089 949 1138 987 er·

101 1015 326 1084 clamationem
354 1034 423 1074 non
446 1007 607 1074 minorem
641 1010 741 1072 hebet
771 1016 1008 1072 excusationem
1039 1032 1138 1090 quam

101 1121 129 1161 v.
148 1095 220 1159 986.
243 1119 275 1160 v.
298 1094 371 1161 992.
393 1101 430 1158 in
451 1093 523 1156 ἄνια
552 1090 622 1154 ἄνια
647 1090 726 1169 ἄνια,
755 1100 792 1155 in
819 1094 915 1177 Sopb.
945 1096 1081 1176 Philoct.
1104 1116 1136 1157 v.

102 1181 174 1244 83οι
196 1178 252 1259 ἴθι,
274 1177 321 1240 iot
341 1201 393 1259 μοι
412 1172 521 1256 παιαίν,
539 1189 573 1239 et
590 1183 629 1238 vin
643 1179 702 1241 illo
713 1179 909 1255 Horatiana:
930 1179 1031 1251 „Oet
1049 1201 1141 1261 prae-

101 1268 218 1327 sidium
239 1277 272 1326 et
292 1266 387 1326 dulce
410 1264 508 1326 decus
529 1270 674 1324 meum.“
719 1261 828 1345 Quare
856 1268 966 1324 minus
993 1264 1139 1326 conside·

102 1364 168 1412 rate
189 1353 342 1431 proponit
363 1349 545 1412 Seidlerus:
565 1342 616 1408 ἴθ’
635 1341 687 1408 ἴθ’
711 1346 789 1409 ἵκου.
829 1349 961 1411 Deinde
988 1347 1048 1409 hos
1069 1368 1140 1412 ver·

104 1457 156 1495 sus
173 1439 211 1493 in
232 1433 379 1516 stropha=
508 1437 511 1444 '

375 1517 588 1612 κροκόβαπτον
608 1521 705 1598 ποδὸς
725 1525 815 1610 εὔμα-

377 1634 423 1693 ριν
444 1610 560 1696 ἀείρων,
580 1606 741 1695 βασιλείου.
845 1695 848 1699 .

104 1715 194 1775 etin
221 1711 436 1793 antistropha:

220 1802 222 1805 ’
379 1808 485 1881 ornyto
504 1803 564 1891 γάρ
584 1829 629 1880 τις
654 1801 705 1869 ἐπ’
728 1801 817 1888 ἀχλὺς

377 1888 561 1953 πεπόταται·
582 1889 713 1954 νεολαία.

104 1989 188 2048 male
201 1988 365 2059 formavit,
388 1994 466 2068 quia
489 2012 530 2050 ne
544 1991 736 2069 frangantur
754 2009 851 2049 voces
867 2005 993 2057 cavere,
1014 1997 1048 2047 et
1063 2008 1143 2066 quas

105 2094 216 2133 sensus
240 2073 503 2153 comprehendat,
526 2093 622 2134 versu
643 2079 741 2133 etiam
762 2081 964 2145 connectere,
987 2091 1047 2131 nec
1067 2093 1145 2133 vero

106 2158 282 2216 dilacerare
299 2177 358 2215 nos
377 2158 480 2219 decet.
520 2158 635 2235 Neque
657 2161 767 2216 minus
787 2155 948 2236 displicet,
975 2153 1062 2233 quod
1082 2152 1147 2232 τιή-

106 2260 162 2323 ρας
184 2240 360 2299 lectionem
379 2240 570 2300 deteriorem
591 2241 753 2322 amplexus
772 2250 822 2305 est
841 2239 1014 2299 Seidlerus.
1050 2237 1148 2319 Quod

107 2335 216 2386 autem
237 2326 390 2384 ultimum
410 2343 540 2385 versum
561 2330 687 2400 attinet,
714 2346 789 2384 eum
815 2344 884 2383 non
911 2342 985 2383 cum
1004 2323 1148 2385 Seidlero

108 2431 146 2483 ex
168 2413 285 2468 cretico
307 2419 340 2468 et
367 2408 556 2469 dochmiaco
575 2405 858 2491 ,hypercatalectm
886 2407 944 2468 sed
965 2429 1039 2467 cum
1068 2409 1149 2469 Her-

106 2514 229 2553 manno
253 2494 374 2570 (Elem.
403 2492 504 2553 doctr.
534 2504 625 2558 metr.
653 2516 686 2575 p.
710 2490 800 2569 268.)
826 2514 862 2552 er
890 2510 1016 2574 paeone
1044 2498 1149 2573 primo

108 2588 142 2638 et
161 2578 349 2638 dochmiaco
369 2588 517 2637 constare
536 2582 717 2658 opinamur,
744 2580 901 2656 quoniam
928 2579 965 2635 in
991 2575 1054 2636 hoc
1076 2598 1151 2637 can-

106 2667 174 2722 tico
195 2663 316 2744 plures,
338 2672 498 2740 quantum
519 2663 679 2733 videmus,
708 2683 841 2740 quoque
873 2660 964 2720 ducit
989 2671 1059 2722 tota
1077 2683 1152 2742 nme·

106 2748 166 2806 lici
184 2750 290 2805 nostri
311 2751 511 2816 constitutio,
520 2767 664 2827 paeones
684 2750 853 2826 usurpavit
869 2744 1060 2825 Aeschylus.
1092 2746 1153 2805 Ex·

108 2831 338 2891 clamationem
361 2840 446 2890 extra
464 2852 592 2893 versum
615 2835 793 2912 posuimus.
836 2826 967 2895 Etenim
998 2830 1154 2910 hyperca-

107 2913 223 2974 talecti
250 2912 431 2973 dochmiaci
463 2916 754 2994 antepenultimam
790 2916 925 2975 breuem
960 2926 1155 2976 conservant

108 3005 237 3080 poetae.
284 2996 365 3057 Vide
385 2997 499 3059 Herm.
518 2999 624 3059 Elem.
642 2999 742 3061 doctr.
760 3009 852 3065 metr.
874 3020 906 3080 p.
926 2995 997 3060 255.
1016 2999 1178 3080 etEpit.=
1211 3030 1213 3035 ·

110 3082 214 3143 doctr.
237 3090 330 3141 metr.
361 3102 394 3162 p.
414 3078 467 3148 97.
534 3118 536 3122 =
959 3126 962 3137 .
1028 3118 1032 3123 ·

197 3191 325 3273 note.
367 3196 474 3258 Schol.
501 3200 536 3258 B.
571 3190 683 3282 βαλήν]
719 3193 854 3280 βασιλεὺς
892 3195 972 3257 κατὰ
1017 3196 1156 3281 Θουρίων

110 3276 263 3357 γλῶσσαν,
285 3277 326 3350 ὥς
347 3301 421 3359 φησι
438 3278 612 3365 Εὐφορίων.
654 3284 769 3363 Neque
792 3284 885 3343 aliter
905 3283 1011 3343 Schol.
1034 3282 1071 3344 A.
1101 3302 1156 3343 eu·

111 3373 167 3428 ius
189 3369 358 3426 annotatio
379 3371 512 3427 omnino
537 3370 626 3430 lectu
653 3369 841 3449 dignissima
863 3380 920 3426 est.
963 3360 1068 3444 Βαλὴν
1097 3363 1157 3450 α’ρ-

110 3452 212 3532 χαῖος]
236 3445 343 3527 Batti
372 3445 390 3509 ὁ
418 3446 554 3530 βασιλεὺς
583 3448 707 3529 λέγεται.
734 3448 901 3530 Εὐφορίων
920 3444 957 3509 δέ
977 3470 1050 3528 φησι
1072 3448 1158 3513 Θου-

112 3535 190 3619 ρίων
212 3526 287 3594 εἶναι
305 3530 360 3611 τὴν
378 3529 539 3596 διάλεκτον.
558 3533 667 3598 ’Ὅθεν
688 3533 740 3597 καὶ
765 3530 929 3617 βαλαναίον
949 3530 1031 3613 ὅρος,
1056 3530 1158 3597 dicti

112 3612 285 3701 βασιλικόν
307 3614 399 3697 φησίν
418 3610 480 3697 οὖν,
502 3611 527 3680 cd
549 3616 651 3703 ἇρχαῖε
676 3615 804 3703 βασιλεῦ.
820 3620 891 3681 ἵκου
916 3614 968 3677 καὶ
994 3621 1158 3698 superero&
1202 3635 1203 3640 ’

114 3699 170 3762 καὶ
189 3695 262 3762 ἐλθὲ
278 3698 332 3761 ἐπ’
354 3699 456 3786 ἄκρων
476 3700 634 3788 νορίμβων
655 3703 762 3786 ὄχθου,
783 3700 834 3764 ἐπὶ
858 3697 915 3781 τὴν
930 3699 1025 3780 ἄκραν
1054 3700 1157 3784 ἐξοχὴν
1207 3752 1210 3757 .

114 3782 173 3845 καὶ
188 3783 339 3865 remouit
358 3791 416 3848 τοῦ
432 3782 547 3867 τάφου,
564 3787 674 3873 οιέίροον
691 3785 746 3850 καί
765 3785 896 3868 ἐπαίρων
911 3782 976 3847 ’καί
1000 3790 1087 3851 κινῶν
1103 3785 1158 3866 τὴν

116 3865 256 3953 εὔμαριν,
277 3867 329 3932 καί
348 3869 385 3933 τὸ
406 3868 545 3956 ὑπόδημα
568 3878 625 3939 τοῦ
649 3869 756 3955 ποδός,
775 3865 987 3957 κροκόβαπτον
1012 3869 1066 3935 καί
1087 3869 1158 3954 ipu-
