2717 4600
588 167 861 246 -156-

207 350 300 406 nexio
329 358 363 408 et
389 345 503 410 sensus
529 347 708 427 efflagitare
735 347 897 407 videntur.
939 348 1072 406 Inutilis
1098 369 1172 426 ergo
1196 362 1243 409 est

203 426 367 491 Schuetzii
385 440 571 513 conjectura
591 426 687 506 πόλις,
708 453 751 491 ne
772 435 917 513 ineptam
939 432 1094 494 dicamus.
1120 434 1242 512 Quodsi

204 534 281 575 vero
308 516 507 587 Sohaemus,
535 527 574 575 ut
598 517 806 576 commendet
827 510 922 589 πόλις,
949 512 1145 595 Aeschylum
1177 539 1242 576 uon

204 599 308 658 solere
333 601 421 660 idem
446 601 593 669 verbum,
625 604 691 659 nisi
721 604 876 661 orationis
904 601 1065 680 elegantia
1090 602 1243 681 postulet,

203 681 296 744 brevi
317 686 491 745 intervallo
513 694 660 765 repetere
689 684 868 755 contendit,
888 705 955 744 non
978 695 1029 742 est
1051 685 1142 763 quod
1168 707 1242 744 eum

204 766 404 840 refellamus,
433 792 494 830 nec
512 789 738 847 recoquamus,
763 789 848 848 quae
873 773 1019 849 exposuit
1038 770 1241 829 Wellauerus

194 853 240 908 ‘in
259 853 439 915 Comment.
457 852 609 931 Aeschyl.
629 875 661 934 p.
684 850 703 914 5
726 874 818 931 seqq.
859 854 974 932 Neque
995 853 1083 912 solus
1102 852 1242 932 Aeschy-

201 932 266 1005 lus,
288 939 386 995 etiam
408 938 466 1011 alii
485 948 602 1019 poetae
623 936 712 996 idem
732 937 930 998 vocabulum
948 924 1040 997 brer'i
1057 941 1162 1018 spatio
1183 943 1241 997 ite·

202 1030 284 1078 rant.
310 1021 406 1083 conf.
431 1022 592 1082 Wunderi
618 1018 811 1082 Adversaria
839 1026 876 1079 in
899 1018 996 1100 Sopb.
1019 1021 1105 1083 Phil
1132 1035 1165 1102 p.
1190 1021 1257 1083 12.·

201 1103 425 1165 Weichertum
446 1105 637 1186 de,virgtltt
658 1115 692 1165 et
712 1106 784 1167 Val.
803 1106 851 1163 Fl.
870 1106 1017 1165 versibus
1044 1117 1182 1186 suspect.
1207 1129 1240 1186 p.

200 1181 242 1246 95
265 1220 309 1233 -
328 1185 380 1250 99.
398 1191 529 1250 Weber.
552 1190 593 1250 de
618 1193 767 1251 versibus
786 1194 904 1270 spuriis
932 1210 982 1269 ap.
1010 1190 1181 1249 Lucanum
1208 1211 1240 1271 p.
1338 1228 1339 1231 =

201 1267 264 1332 626
285 1268 354 1351 sq.¹
380 1274 475 1353 Fugit
495 1279 629 1355 insuper
645 1274 863 1352 Sclmctzium)
890 1265 977 1342 πόλις
1004 1274 1135 1353 regulae
1162 1295 1241 1343 suae

199 1379 387 1441 repugnare.
427 1358 511 1417 Nam
529 1368 660 1439 proPter
680 1352 864 1434 πολίσματα,
881 1361 1041 1417 rivorum
1061 1361 1105 1417 sit
1120 1357 1241 1419 Selme-

198 1448 257 1503 taii
277 1452 509 1511 commentum,
525 1436 613 1511 πόλις
638 1443 725 1504 male
746 1442 854 1503 habet
882 1441 977 1527 Cerri.
1006 1445 1105 1502 etiam
1128 1450 1240 1503 nota'm

201 1530 242 1589 ad
254 1551 285 1591 r.
304 1524 378 1589 509.
400 1537 435 1586 et
453 1526 494 1586 ad
513 1547 545 1588 v.
567 1523 640 1588 652.

282 1676 312 1717 v.
334 1645 406 1713 224.
445 1645 542 1723 πολὺς
566 1647 657 1733 ὄλβος
684 1664 735 1713 est
753 1646 924 1731 εὐδαιμονία
946 1653 1124 1724 Persarum,
1154 1672 1240 1730 quae

180 1740 338 1810 divitiis,
357 1741 505 1820 potentia
527 1747 561 1797 et
577 1740 706 1819 imperii
727 1737 943 1820 amplitudine
964 1740 1038 1799 nixa
1057 1744 1135 1796 erat.

284 1859 394 1943 οἴχεται
410 1857 503 1923 πεσὸν
521 1867 603 1923 mire
622 1868 721 1926 vertit
737 1862 940 1924 Schuetzius:
959 1863 1122 1933 „caducus
1140 1866 1238 1922 inter·

198 1955 269 2024 tit‘,
292 1971 366 2009 curn
384 1952 506 2028 potius:
532 1969 685 2029 „prorsus
711 1959 746 2008 et
764 1950 873 2008 subito
900 1948 1041 2011 occidit“
1070 1951 1235 2009 notissimo

198 2035 291 2098 verbi
309 2029 430 2112 οἴχομαι
452 2054 514 2092 usu
538 2044 623 2092 esset
641 2033 845 2097 vertendum.
1211 2036 1213 2039 ’

280 2183 313 2223 v.
335 2155 406 2220 225.
449 2158 551 2218 Recte
571 2154 599 2218 (ό
618 2177 674 2236 μοι
693 2162 822 2241 scripsit
843 2156 1067 2220 Blomfieldius
1088 2178 1162 2218 cum
1181 2152 1230 2214 Al·
1335 2173 1339 2178 ·

198 2246 252 2319 do,
271 2245 355 2306 Rob.
375 2254 409 2305 et
428 2242 534 2306 Schol.
554 2243 591 2305 A.
612 2244 801 2306 Passovium
820 2244 985 2326 praeclare
1007 2243 1047 2304 de
1068 2241 1165 2300 huius
1186 2244 1235 2299 in·

195 2333 395 2413 terjectionis
432 2333 591 2411 scriptura
624 2333 671 2388 ita
710 2328 922 2389 disserentem
956 2327 1033 2387 audi
1068 2327 1109 2387 ad
1138 2326 1234 2407 Soplr.

194 2415 311 2476 Trach.
333 2409 405 2480 971.
427 2418 465 2472 in
478 2414 681 2494 praefatione
699 2414 823 2476 Indicis
842 2414 1020 2472 lectionum
1042 2415 1236 2472 aestivarum

198 2500 280 2564 1820
308 2502 345 2563 iu
371 2498 469 2559 Univ.
488 2498 619 2558 Vratisl
639 2518 672 2577 p.
695 2495 724 2558 5.
764 2500 994 2572 „Recentiores
1022 2517 1133 2556 omnes
1160 2516 1236 2553 cum
1273 2543 1275 2548 .

194 2585 370 2646 lexicorum
396 2581 620 2642 conditoribus
645 2580 724 2641 inde
749 2584 790 2641 ab
820 2582 920 2640 Henr.
947 2580 1122 2661 Stephano,
1150 2579 1236 2637 thes.

196 2691 269 2751 app.
290 2669 328 2725 T.
347 2666 378 2727 2.
401 2687 434 2747 p.
457 2658 528 2740 204,
554 2663 593 2726 13
618 2659 721 2744 diuet,
742 2669 801 2745 qui
817 2665 906 2725 unde
937 2663 1079 2724 habeant
1107 2665 1237 2721 littoru-

193 2754 260 2812 lam
285 2756 383 2814 istam
407 2750 574 2820 furtivam,
600 2772 653 2809 me
680 2747 836 2831 expiscari
872 2770 940 2809 non
970 2769 1065 2832 posse
1092 2748 1237 2807 libenter

104 2853 110 2860 '
195 2836 366 2900 confiteor:
395 2846 532 2897 caveant
552 2845 646 2908 certe,
669 2856 711 2894 ne
731 2834 997 2895 exclamationem
1017 2829 1052 2892 οἴ
1066 2853 1118 2911 μοι
1138 2832 1235 2891 nobis

195 2922 368 3000 oinciantz
405 2929 438 2978 at
465 2918 587 2978 dudum
618 2941 727 2979 veram
756 2919 920 2979 scribendi
945 2921 1105 2977 rationem
1130 2911 1157 2973 ὤ
1183 2936 1235 2993 μοι

193 3002 494 3086 Ρτεισίνίι,0901οιιε
524 3006 560 3062 in
588 3008 779 3064 recensione
806 3004 1016 3080 Homerica‘f
1044 3002 1236 3060 Passerium

193 3098 349 3167 sequutus
360 3087 622 3154 estHermanuus
634 3093 670 3147 in
678 3088 926 3148 Trachiniarum
938 3107 1063 3168 nupera
1076 3085 1233 3147 editione.

275 3235 307 3277 v.
330 3208 401 3279 227.
442 3208 578 3288 Πέρσαις
598 3234 635 3273 ex
656 3234 723 3273 uno
745 3213 814 3273 cod.
839 3215 873 3272 B.
894 3218 1017 3294 recepit
1036 3211 1234 3280 Brunckiu5‚

193 3320 291 3379 quem
315 3299 419 3358 secuti
440 3307 518 3355 sunt
538 3297 686 3357 Schuetz.
713 3310 746 3358 et
763 3298 996 3359 Blomfieldius.
1037 3295 1079 3354 At
1104 3296 1234 3355 dativus

191 3389 239 3445 ita
272 3383 371 3465 plane
394 3401 611 3461 supervacuus
640 3392 706 3451 est,
739 3404 840 3460 quum
876 3387 1001 3441 nemini
1034 3384 1099 3439 nisi
1128 3379 1234 3438 Persis

190 3472 343 3528 nuntiare
362 3476 395 3527 et
413 3468 518 3547 possit
533 3475 567 3525 et
587 3464 704 3525 debeat
724 3471 857 3526 nuntius
877 3466 1014 3536 cladem,
1038 3476 1076 3524 ut
1104 3466 1236 3522 etiamsi

191 3573 303 3613 omnes
323 3553 402 3612 libri
422 3571 496 3610 eum
515 3550 717 3630 praeberent,
744 3556 929 3612 vocativum
957 3563 1068 3610 tamen
1094 3568 1235 3628 repone·
1260 3557 1263 3568 '

189 3656 306 3695 remus.
354 3637 469 3713 Neque
495 3639 613 3704 minus,
643 3646 680 3693 ut
706 3634 890 3713 alloquatur
920 3639 1057 3695 nuntius
1085 3631 1233 3699 chorum,

191 3740 282 3800 opus,
305 3741 341 3778 ac
360 3740 617 3800 supervacaneus
646 3728 697 3778 est
722 3718 858 3782 dativus.
899 3718 1019 3800 Πέρσαι
1048 3727 1135 3776 recte
1162 3720 1233 3793 jam

188 3803 339 3885 probavit
359 3803 509 3861 Butlerus
530 3807 566 3862 in
584 3803 656 3864 Not.
676 3801 754 3885 phil
776 3805 817 3864 ad
837 3826 868 3865 v.
890 3803 1014 3864 251.--
1031 3799 1156 3859 ln·hoc
1176 3818 1234 3858 eo·

191 3887 265 3949 dem
283 3905 379 3950 versu
399 3888 557 3968 particula
583 3882 644 3971 γὰρ
672 3890 827 3971 singulari
848 3887 944 3952 modo
963 3890 1070 3972 posita
1091 3894 1162 3954 ests
1178 3887 1235 3941 1¹1·
