2717 4600
121 357 160 440 τη
188 372 275 423 reete
305 366 486 443 reposuisse
517 373 638 438 censet,
672 365 861 422 testimonio
892 381 968 421 usus
997 360 1164 439 Hesychii‚

124 451 247 527 quippe
260 446 344 526 apud
363 468 461 524 quem
480 449 606 528 legatur
624 443 788 525 ναμέρτεια,
808 439 958 523 ἀλήθεια,
980 448 1165 523 iterumque

123 526 276 610 ναμερτεά,
301 525 414 608 ἀληθῆ.
460 533 581 592 Contra
610 531 835 595 Blomfieldius
871 530 1018 609 analogia
1047 551 1164 591 vocum

123 609 271 690 νηποινος,
290 607 411 693 νήνεμος
430 627 464 675 et
480 616 637 676 similium
658 619 798 684 imisue,
818 634 886 675 non
899 615 1004 673 solum
1026 613 1081 673 hic
1096 613 1167 674 vul·

122 710 229 778 getam
254 699 478 770 retinendam,
508 701 567 761 sed
594 705 631 759 in
658 700 906 779 Trachiniarum
934 720 1067 777 quoque
1092 698 1165 761 loco

121 778 277 861 νημέρτεια
301 784 527 866 reponendum
559 806 628 845 esse
656 795 776 845 censet.
819 783 863 841 Et
887 783 965 841 libri
992 783 1166 861 utrobique

122 867 173 926 nil
193 871 332 929 variant.
374 869 495 929 Verum
515 879 667 951 poterant
694 889 773 927 sane
795 871 908 954 tragici
933 867 1039 926 dicere
1060 862 1167 946 νημέρ-

121 969 194 1026 τεια,
222 956 374 1030 poterant
402 955 501 1013 etiem
521 949 690 1032 ναμέρτεια,
715 951 800 1011 illud
827 962 1004 1032 praeeunte
1032 951 1168 1010 Homeri

122 1057 196 1105 usu,
220 1033 282 1095 hoc
301 1037 420 1097 Dorice
439 1037 563 1096 dictum
580 1047 630 1096 est
652 1047 685 1095 ot
704 1058 778 1095 cum
797 1036 928 1096 solenni
947 1035 1087 1114 quadam
1099 1056 1168 1115 gra·

122 1123 234 1182 vitate.
279 1118 387 1198 Quare
406 1125 443 1178 in
463 1131 602 1198 utroque
621 1121 694 1183 loco
717 1141 799 1190 eam,
818 1140 918 1199 quam
935 1120 1094 1199 praebent
1112 1119 1167 1180 do·

124 1214 276 1263 cumenta
296 1202 432 1263 formam
452 1208 642 1275 retinemus,
666 1204 825 1264 suadente
854 1203 890 1263 id
918 1207 1025 1283 ipsum
1049 1207 1168 1263 utrius·

124 1309 190 1368 que
210 1293 382 1349 sententia.
443 1328 450 1341 x
937 1307 944 1319 .

208 1417 238 1455 v.
260 1392 332 1457 219.
375 1395 510 1475 Duplici
531 1393 770 1467 emendatione,
792 1397 821 1453 si
839 1394 913 1453 Diis
932 1395 1052 1473 placet,
1077 1394 1167 1455 hune

125 1499 255 1539 versum
273 1477 497 1545 Blomfieldius
518 1480 672 1560 adjuvare
693 1479 809 1548 voluit,
829 1478 931 1537 altera
950 1473 1090 1558 δρόμημα
1108 1499 1167 1559 pro

126 1555 266 1642 δράμημα
285 1584 413 1644 prorsus
435 1564 558 1634 inutili,
580 1555 683 1642 quum
704 1556 846 1643 δράμημα
865 1574 1012 1623 occurret
1032 1584 1082 1643 ap.
1102 1564 1168 1623 He·

20 1698 24 1702 ,
62 1656 65 1660 ’
125 1646 193 1707 rod.
216 1649 307 1718 VIII,
325 1644 366 1707 98
388 1649 500 1726 (quem
521 1648 629 1709 Iocum
650 1647 873 1727 corrigendum
900 1658 1013 1707 censet
1033 1651 1166 1707 eximius

125 1732 270 1806 criticus)
303 1741 337 1791 et
366 1752 416 1815 ap.
442 1731 515 1794 Jon.
539 1724 701 1809 At'henaei
727 1754 759 1813 p.
782 1723 855 1790 468.
894 1728 930 1792 C.
953 1732 1167 1810 firmeturque

126 1815 166 1872 ab
190 1816 302 1894 Etym.
329 1815 375 1874 Μ.
406 1837 436 1877 κ.
464 1810 596 1894 ἔδραμον
625 1828 658 1878 et
695 1838 713 1876 a
741 1817 868 1875 Zonara
894 1837 926 1896 p.
949 1812 1032 1890 6085
1066 1816 1167 1876 altere

122 1898 275 1979 Περσικοῦ
295 1920 355 1980 pro
375 1896 534 1981 Περσικόν,
563 1918 629 1980 qua
657 1905 767 1960 miuus
796 1903 895 1960 etiam
920 1921 1061 1981 egemus,
1087 1922 1168 1979 quo-

123 1986 210 2042 niam
234 1979 385 2065 Περσικόν
412 1978 553 2063 δράμημα
585 1980 688 2062 φωτός
720 1985 824 2044 multo
858 1984 976 2044 melius
1014 1983 1169 2045 convenit

122 2077 250 2148 poetae,
279 2089 378 2145 quam
410 2068 505 2138 illud,
531 2069 620 2146 quod
641 2070 775 2148 vulgare
797 2079 847 2128 est
866 2089 975 2146 neque
989 2074 1165 2148 poeticum.

122 2150 260 2234 Egregie
279 2151 389 2210 locum
409 2173 582 2232 exposuere
600 2153 799 2212 Scholiastae
821 2152 925 2212 ambo.
947 2150 978 2209 A
998 2157 1061 2211 ita:
1082 2148 1168 2213 Ἰδὼν

125 2227 143 2290 ό
168 2231 258 2315 σορός
285 2230 338 2293 τὸν
365 2229 490 2307 ἄγγελον
521 2229 685 2316 ἐρχόμενον,
715 2230 789 2312 φησλ
817 2229 895 2308 πρὸς
923 2229 978 2312 την
999 2231 1166 2313 Ἄτοσσαν,

125 2253 196 2376 άλλ>
220 2313 261 2389 ὡς
282 2313 350 2397 ἐμοὶ
370 2313 458 2393 δοκεῖ,
480 2314 548 2396 ἤτοι
574 2316 653 2380 κατὰ
674 2315 729 2395 την
748 2314 819 2396 ἐμὴν
843 2312 935 2389 δόξαν
965 2318 1017 2377 καλ
1037 2315 1166 2398 δόκησιν,

122 2396 244 2473 πάντας
267 2394 388 2476 γνώσεις
404 2397 520 2483 Ια’ληδῆ
546 2398 647 2478 λόγον.
681 2399 781 2462 Τοῦδε
805 2394 874 2482 γάρ,
902 2396 1015 2461 τούτου
1036 2407 1093 2463 τοῦ
1114 2396 1168 2464 ἆν-

124 2481 206 2569 δρός,
227 2483 264 2548 τό
285 2481 426 2569 δράμημα
448 2484 499 2547 καλ
519 2484 555 2547 τό
576 2483 710 2571 βάδισμα
721 2483 871 2568 Περσικὸν
886 2487 1031 2563 φαίνεται,
1048 2484 1100 2547 καὶ
1113 2486 1168 2564 φέ-

123 2592 167 2649 ρει
188 2567 256 2650 ἡμῖν
276 2566 352 2631 σόοτε
373 2565 493 2632 ἀκούειν
513 2568 645 2655 φανερόν
664 2592 693 2631 τι
711 2574 847 2653 πρᾶγμα,
873 2566 994 2644 ἀγαθόν
1017 2568 1037 2650 ἢ
1061 2570 1165 2635 κακόν.

123 2658 157 2717 Β.
184 2678 261 2720 vero
285 2660 349 2717 sic:
383 2650 417 2715 Ὁ
445 2651 533 2716 τοῦδε
557 2658 615 2717 τοῦ
638 2652 753 2739 ἀνδρὸς
782 2651 893 2736 δρόμος
918 2651 1069 2737 Περσικός
1096 2656 1167 2736 ἔστι,

122 2741 216 2800 τοῦτο
234 2736 293 2823 γάρ
315 2734 406 2819 δηλοῖ
424 2737 574 2822 Περσικὸν
593 2738 697 2822 πρέπει
718 2745 837 2820 μαθεῖν,
854 2737 1016 2817 τουτέστιν,
1037 2740 1070 2801 ἐκ
1084 2744 1169 2825 Περ-

124 2826 186 2883 σῶν
206 2821 269 2884 ἐστὶ
285 2826 346 2884 τῶν
365 2822 394 2895 ἒς
408 2819 542 2885 Ἑλλάδα
569 2819 837 2908 διεοτρατευκότιον
868 2820 886 2883 ό
916 2813 1007 2895 οὗτος
1036 2822 1166 2904 ἄγγελος,

122 2904 200 2988 πρὸς
217 2904 296 2986 ἡμᾶς
318 2905 371 2968 ἰὼν
389 2905 441 2967 καὶ
461 2907 563 2990 φόρων
581 2907 650 2990 ἡμῖν
679 2904 775 2970 κλάειν
794 2906 848 2969 καὶ
868 2904 988 2968 α’κοόειν
1018 2907 1112 2987 σαηάς
1138 2932 1168 2971 τι

122 2993 247 3074 πρᾶγος,
257 2988 310 3052 καλ
327 2993 452 3073 πρᾶγμα
472 2989 584 3055 ἐσθλὸν
602 3016 621 3073 η
644 2988 745 3054 κακόν.
765 3026 809 3040 -
846 2990 979 3077 Πρέπει]
1002 2988 1168 3075 διαλάμπει.

207 3130 237 3170 v.
255 3108 326 3169 221.
371 3110 459 3189 Quid
479 3132 597 3172 causae
616 3116 668 3185 sit,
691 3134 748 3172 eur
764 3106 880 3182 Ἀσίδος
903 3111 1078 3195 legendum
1108 3138 1168 3196 pu-

122 3205 172 3254 tet
192 3193 426 3269 Blomfieldius‚
451 3217 519 3255 non
540 3196 698 3259 videmus.
741 3195 866 3258 Solutio
885 3210 971 3257 certe
993 3198 1042 3256 nil
1062 3191 1167 3258 oflenss

124 3283 225 3339 sionis
242 3278 363 3339 habere
384 3290 501 3359 potest.

206 3406 237 3447 v.
260 3386 333 3447 222.
377 3388 486 3449 Verba
512 3382 606 3458 πολὺς
634 3380 785 3459 πλούτους
820 3382 906 3467 λιμὴν
932 3392 978 3447 ita
1013 3390 1165 3451 enucleat

93 3525 99 3537 ,
123 3469 230 3533 schol.
251 3471 295 3529 B:
310 3468 428 3544 Ἢμσυν
449 3467 569 3548 πλοῦτε,
588 3474 832 3554 περιφραστικιός.
857 3467 923 3530 Διὰ
940 3472 1034 3538 τοῦτο
1057 3467 1089 3533 δὲ
1104 3467 1165 3535 εἶπε

122 3548 223 3632 λιμένα
243 3548 387 3632 πλούτου,
407 3552 428 3634 ἢ
448 3551 501 3616 διά
522 3553 559 3615 τό
580 3553 651 3627 τοὺς
673 3551 819 3626 πλέοντας
839 3554 870 3616 ἐν
895 3551 987 3633 λιμένι
1014 3553 1164 3635 καταιρεό-

123 3656 183 3709 νειν
210 3636 264 3698 καὶ
290 3635 449 3711 σώζεσθαι.
485 3637 573 3701 Οὕτω
599 3635 632 3700 δὲ
656 3638 710 3701 καὶ
738 3636 755 3700 ὁ
784 3636 916 3708 πλοῦτος
945 3636 1017 3711 τοὺς
1042 3639 1164 3722 ἐηοντας

126 3716 217 3781 αὐτόν
237 3718 377 3796 ἐνδόξους
397 3729 479 3784 ποιεῖ
495 3722 548 3786 καλ
569 3719 707 3804 φυλακην
728 3745 834 3794 αυτοις
857 3727 1016 3801 εντιθησιν.
1056 3728 1164 3809 Quam

126 3804 368 3884 explicationem
387 3814 448 3869 etsi
472 3831 539 3871 non
558 3811 657 3892 plane
680 3814 877 3892 reJiciamus,
896 3830 970 3868 oum
988 3815 1030 3872 iis
1052 3825 1164 3873 tamen

93 3899 99 3910 ·
124 3887 273 3968 facimus,
292 3898 351 3971 qui
372 3915 410 3956 ea
432 3896 533 3958 verba
555 3896 603 3959 de,
612 3896 700 3958 Susis
723 3899 902 3977 accipiunt;
922 3894 956 3956 id
978 3897 1068 3975 quod
1089 3920 1163 3959 con·
