2717 4600
575 202 829 251 nam...

181 384 266 445 mus,
286 388 375 442 eum,
396 367 449 435 cui
469 367 521 434 vel
539 366 627 435 solos
649 369 845 435 Patisienses
868 369 973 437 libros
1000 369 1111 439 denuo
1140 391 1220 436 con-

181 484 269 550 ferre
290 485 473 572 contigerit,
493 485 637 553 multum
655 486 766 555 bonae
783 486 887 574 frugis
909 488 952 552 ad
973 487 1220 576 poetae.·nostri

113 588 119 605 Χ
181 602 281 667 verba
304 602 512 668 emendanda
535 612 603 667 c'sse
624 603 812 669 allaturum.
834 604 898 679 <Ne
917 604 1060 671 Medicei
1081 604 1220 691 quidem

146 746 149 749 ·
182 719 308 785 codicis
335 719 455 806 duplerr
484 718 616 785 collatio
641 719 743 808 ipsius
769 720 845 785 libri
872 720 1144 808 praestantissimi
1165 720 1220 787 in·

118 818 121 827 ¹
181 835 341 923 spiciendi
365 834 564 901 desiderium
584 847 697 923 potest
717 837 930 931 restinguere.

264 953 378 1038 Quum
408 951 444 1016 in
465 953 719 1042 manuscriptis
740 956 910 1022 codicibus
933 950 1010 1023 fidei
1032 964 1067 1020 et
1088 953 1243 1042 diligen-³

178 1069 244 1135 tiae
263 1069 475 1157 superiorum
495 1069 664 1137 editorum
686 1072 898 1141 committere
922 1072 1218 1151 nos-deberemus,

177 1209 218 1250 eo
241 1188 404 1267 majorem
432 1208 547 1257 curam
578 1187 613 1252 in
640 1188 828 1254 editionum
859 1202 1005 1278 quatuor
1037 1187 1219 1276 antiquissi-

178 1327 321 1382 marum,
347 1302 486 1369 Aldinae
512 1303 644 1382 scilicet,
667 1305 1004 1387 Robortellianae,*)
1034 1305 1217 1370 Turnebia-

177 1448 251 1503 nae,
279 1420 504 1498 Victorianae,
531 1420 674 1508 repetita
701 1424 966 1509 perscrutatione
994 1421 1217 1503 adhibuimus,

175 1563 292 1628 neque
310 1538 443 1616 frustra,
470 1560 576 1623 quum
601 1550 678 1625 post
703 1549 758 1602 tot
792 1539 991 1613 collatorum
1016 1538 1216 1606 industriam

177 1658 275 1724 nobis
296 1667 412 1720 tamen
434 1653 594 1721 nonnulla
616 1653 732 1745 relicta
755 1667 873 1731 essent..

258 1776 433 1860 Apparatu
456 1769 573 1837 critico
592 1793 632 1837 ex
652 1770 703 1835 bis
729 1773 901 1838 codicibus
920 1772 1017 1839 MSS.
1042 1783 1076 1838 et
1097 1771 1217 1838 editio-

175 1891 276 1959 nibus
295 1888 434 1957 collecto
451 1885 496 1951 ita
518 1887 568 1955 usi
587 1908 713 1968 sumus,
742 1900 789 1966 ut,
817 1889 874 1953 nbi
895 1889 1046 1954 internae
1069 1889 1216 1955 rationes

177 2009 316 2073 alteram
341 2003 509 2077 variarum
533 2003 716 2071 lectionum
745 2005 940 2093 eligendam,
976 2006 1116 2072 alteram
1143 2005 1216 2086 reji-
1262 2042 1266 2051 ι

176 2125 331 2192 ciendam
352 2121 539 2198 suaderent,
559 2119 621 2195 bas
640 2121 852 2208 potissimum
874 2124 1121 2189 consuleremus
1127 2148 1136 2202 ς
1156 2121 1214 2185 ubi

176 2252 315 2311 vero'ex
334 2238 472 2305 internis
492 2237 677 2304 rationibus
695 2238 777 2306 nihil
802 2239 889 2307 effici
916 2264 1015 2331 posse
1036 2240 1215 2315 videretur,

38 2401 43 2410 ·
103 2391 110 2410 s
174 2359 408 2427 auctoritatem
425 2355 590 2420 librorum
611 2355 709 2422 MSS.
730 2379 954 2446 sequeremur,
984 2381 1070 2447 quae
1091 2357 1215 2445 partim
1299 2417 1301 2419 ,

172 2499 294 2545 eorum
323 2473 527 2561 praestantia
553 2473 677 2566 partim
707 2474 919 2542 multitudine
942 2474 1068 2538 nititur.
1118 2476 1215 2541 Prae-

174 2594 332 2661 stantiam
352 2611 436 2655 vero
454 2588 547 2677 quod
568 2590 696 2656 adtinet
715 2590 850 2679 reliquis
871 2591 1027 2657 omnibus
1045 2591 1143 2680 longe
1160 2610 1215 2657 'su-
1322 2607 1325 2610 ’
1356 2599 1357 2648 i

176 2711 292 2801 perior
314 2717 364 2774 est
382 2706 564 2785 Mediceus,
591 2730 662 2773 non
683 2708 878 2797 antiquitate
903 2708 1012 2776 solum
1033 2709 1093 2774 sed
1114 2687 1215 2775 etiam

176 2829 337 2907 bonitate,
359 2848 463 2919 quem
479 2823 603 2910 librum
622 2824 806 2912 profundo
827 2827 1061 2914 recognitionis
1080 2838 1215 2893 nostrae

90 2977 92 2984 v
174 2945 365 3019 babuimus,
395 2954 429 3010 et
455 2964 519 3031 pro
547 2941 654 3009 multo
686 2943 819 3009 certiori
847 2943 948 3009 etiam
974 2943 1213 3021 habuissemus,

177 3063 204 3129 si
225 3059 350 3150 ubique¹
369 3059 412 3126 de
432 3058 650 3128 collationum
670 3057 736 3128 fide
753 3059 852 3127 nobis
870 3060 1077 3128 constitisset.

175 3235 379 3255 §nun-

242 3320 271 3390 *)
291 3317 388 3372 Serius
406 3311 440 3371 in
457 3318 592 3372 notitiam
618 3327 747 3372 noemam
766 3331 909 3375 venerunt
925 3322 1072 3376 Francisci
1095 3323 1212 3375 Robor-

175 3412 239 3468 telli
263 3421 293 3465 et
316 3410 458 3470 Ludovici
484 3410 664 3469 Castelvitrei
686 3412 905 3467 emendationes
937 3415 971 3467 in
994 3413 1130 3483 Aeschyli
1154 3426 1211 3468 tres

173 3505 333 3579 tragoedias
350 3505 460 3576 priores
478 3520 494 3556 s
512 3503 594 3555 libris
611 3504 812 3575 manuscriptis
829 3506 947 3576 petitae,
965 3505 1075 3575 (editae
1094 3508 1127 3559 in
1137 3508 1213 3560 Dia-

175 3602 222 3654 rio
240 3598 379 3665 Classico,
401 3599 457 3650 No.
478 3595 607 3650 XXXIV.
632 3597 697 3648 lun.
718 3602 795 3651 1818·
819 3615 850 3668 p.
871 3591 923 3653 3l0
939 3624 975 3637 -
991 3594 1053 3655 348.
1080 3593 1211 3669 indeque

172 3693 206 3745 in
229 3688 367 3745 Seebodii
388 3687 563 3756 bibliotheca
588 3690 703 3754 critica,
730 3686 875 3744 18221V.
896 3697 926 3757 p.
944 3682 998 3750 400
1013 3719 1049 3735 -
1064 3686 1126 3752 403.
1146 3691 1208 3747 Vll.

116 3789 120 3796 ’
174 3801 205 3856 p.
226 3784 279 3845 682
293 3810 329 3824 -
345 3780 424 3850 dtu.)
443 3796 530 3855 quam
546 3789 579 3838 ut
594 3780 637 3836 uti
657 3779 693 3836 iis
709 3780 910 3856 potuissemus.

1333 547 1358 625 l
