2717 4600
485 169 817 243 -ισοι

104 350 166 430 qim
191 348 233 409 de
258 358 356 430 rupe,
397 342 507 430 πίτρος
534 346 575 408 dc
597 345 708 428 lepide
736 345 801 406 dici
827 349 905 406 satis
935 356 1048 427 notum
1077 358 1135 410 est.

103 435 193 494 Idem
210 439 262 496 vir
278 433 459 514 praeclarus
480 436 555 498 cum
575 430 715 492 Porsono
742 424 777 489 δ’
803 435 839 490 in
867 431 935 491 fine
956 450 1068 493 versus
1088 442 1143 491 re·'

103 519 190 589 duxit
210 528 243 577 ot
258 527 346 578 recte
367 517 511 594 quidem,
540 537 625 595 quae
645 518 755 574 nostra
777 527 826 591 est
846 516 1017 574 sententia.
1053 516 1137 574 Nam

101 596 135 659 τ’
156 606 221 659 nisi
238 601 385 659 fallimur
406 605 613 660 correctionis
634 619 781 680 saporem
802 601 944 680 praebet.
966 629 1010 642 -
1045 597 1139 657 Prae-

122 689 215 744 ositio
238 685 390 745 ultimum
409 705 519 746 versus
538 686 648 743 locum
670 694 797 752 tenens,
823 683 903 762 quid
926 685 1138 742 excusationis

98 704 228 840 lubeat,
255 769 332 831 vide
357 789 406 849 ap.
430 766 631 828 Lachmann.
656 767 697 826 de
720 767 845 829 Choric.
866 777 943 846 syst.
964 787 997 846 p.
1019 764 1071 827 21.

32 890 37 891 7
143 910 146 913 “
180 916 211 955 v.
234 887 305 954 429.
350 892 390 953 In
419 892 580 953 hocloco
607 891 751 953 vexando
777 892 899 951 multus
930 902 979 950 est
999 891 1136 953 Siebelis

97 1001 130 1063 p.
153 975 223 1041 115.
248 976 304 1036 *At
323 976 411 1056 quod
432 978 473 1036 de
493 980 559 1035 acri
578 977 657 1045 sale,
679 997 745 1053 quo
765 976 918 1034 barbaros
933 996 1008 1034 arcu
1028 977 1138 1035 decer-

99 1058 216 1122 nentes
243 1061 465 1143 perfricuissct
494 1071 601 1141 poeta,
627 1058 764 1140 protulit
786 1060 823 1125 V.
843 1061 885 1118 D.
916 1059 1013 1118 nihili
1040 1060 1139 1121 habe-

97 1166 181 1207 mus.
222 1148 338 1223 Neque
357 1145 459 1224 pluris
475 1155 563 1217 sunt,
584 1162 669 1220 quae
689 1150 795 1203 cetera
817 1144 927 1227 attulit
943 1142 1144 1222 argumenta?
1182 1182 1186 1189 .

97 1227 220 1292 Verum
241 1230 373 1308 quidem
393 1238 450 1300 est,
471 1248 558 1286 arma
579 1223 831 1286 Atheniensium
846 1231 1001 1306 primaria
1028 1228 1138 1292 hastas

99 1325 134 1373 et
154 1314 285 1395 clypeos
307 1312 420 1382 fuisse,
440 1306 614 1372 sedetiam
635 1315 791 1391 sagittarii
812 1312 964 1375 exercitui
983 1313 1141 1374 interfue-

98 1408 186 1459 runt.
229 1397 347 1473 Itaque
373 1414 434 1454 nec
457 1397 547 1455 locus
574 1400 684 1454 noster
711 1405 813 1455 certat
830 1416 905 1453 cum
923 1413 954 1456 v.
975 1395 1048 1460 212.
1077 1419 1139 1458 nec

101 1476 241 1540 ὤλλυσαν
267 1480 491 1540 immediatire
517 1483 619 1560 accipi
636 1488 753 1558 potest,
779 1479 814 1539 id
836 1478 925 1557 quod
952 1482 1046 1540 nobis
1066 1504 1139 1563 per-

101 1564 236 1624 suadere
258 1564 331 1625 vult
351 1563 498 1625 Siebelis.
539 1564 692 1631 Inlibris
719 1575 769 1623 est
786 1563 1025 1643 προσπίπτοντες
1050 1567 1140 1645 quod

103 1650 258 1708 canterus
292 1658 325 1707 ot
353 1648 411 1729 elii
436 1651 473 1706 in
497 1647 730 1728 προσπίτνοντες
755 1659 950 1710 mutarunt.¹
972 1647 1015 1708 At
1043 1651 1142 1711 nihili

101 1742 153 1792 est
178 1753 217 1791 ea
245 1735 390 1792 mutatio.
456 1732 539 1791 Cum
563 1735 743 1813 praesentis
772 1735 943 1813 participio
977 1754 1057 1814 opus
1084 1741 1138 1806 sit,

97 1818 349 1894 προσπιτνοῦντες
368 1820 569 1875 correximus.
590 1818 701 1877 Herm.
723 1820 783 1894 qui
796 1815 837 1875 ad
851 1816 947 1878 Herc.
962 1817 1025 1878 fur.
1045 1816 1137 1886 1371.

97 1897 329 1981 rrpoorurudvrrc
349 1910 463 1985 utpote
478 1905 631 1959 aoristum
649 1905 754 1959 tuitus
776 1911 833 1973 est,
856 1905 927 1982 ipse
942 1909 1141 1977 sententiam
1215 1911 1218 1921 '

97 1989 302 2130 nliumvltmin
335 1987 480 2053 Censura
507 1984 595 2044 Med.
622 1983 741 2073 Elmsl.
757 1977 884 2066 p.'311.
911 1986 1005 2048 Conf.
1028 2001 1141 2050 notam

97 2089 116 2127 a
160 2092 193 2131 v.
280 2113 287 2129 .
1107 2088 1111 2105 '

182 2212 215 2259 v.
242 2188 315 2254 431.
369 2194 573 2271 κρεοκοποῦσι
611 2213 648 2252 er
683 2190 790 2252 Schol.
818 2192 854 2253 A.
885 2216 960 2253 cum
988 2198 1076 2259 Pors.
1107 2209 1141 2258 et

95 2277 219 2342 Blomf.
244 2280 451 2359 recepimus.
480 2277 563 2339 Vide
593 2275 771 2338 l'orsouum
796 2282 834 2336 in
855 2277 958 2341 Praei.
989 2280 1030 2340 ad
1060 2283 1140 2343 Hec.

95 2384 131 2444 p.
148 2363 207 2423 IX.
231 2363 282 2422 ed.
300 2364 389 2442 Lips.
412 2363 614 2441 „Nunquam
630 2356 822 2442 κρεωδαισία,
841 2370 1027 2440 κρεωκοπείν,
1048 2385 1143 2446 κρεω-

93 2441 217 2523 πώλης,
233 2441 452 2528 κρεωστσίθμη
482 2447 596 2506 dicunt
622 2442 739 2518 Attici,
772 2445 987 2526 sedkbr'evem
1015 2472 1143 2531 semper

93 2533 247 2592 vocalem
275 2530 442 2589 adhibent.
490 2531 535 2590 Et
562 2551 605 2589 ne
631 2534 707 2609 quis
733 2530 877 2610 objiciat,
909 2533 1012 2594 editos
1039 2535 1141 2594 libros

92 2614 184 2675 hanc
202 2616 341 2675 formam
364 2633 461 2695 saepe
480 2619 628 2693 migrare,
644 2620 726 2674 sciat
746 2614 859 2686 lector,
880 2637 1041 2696 nusquam
1059 2619 1142 2679 haec
1169 2619 1175 2632 “

93 2711 156 2760 eut
176 2701 297 2760 similia
317 2701 416 2761 rerba
432 2700 515 2780 apud
530 2698 698 2758 Pollucem
719 2719 897 2771 occurrere,
917 2707 1000 2780 quin
1016 2708 1052 2761 in
1075 2723 1143 2764 uno

92 2785 215 2843 saltem
248 2784 320 2845 MS.
349 2802 367 2842 ο
394 2793 452 2863 pro
490 2801 517 2840 m
547 2784 771 2843 substituatur.
797 2785 911 2864 Eurip.
947 2788 1036 2864 Cycl.
1065 2786 1139 2850 358.

91 2861 310 2949 1εςοβρίχειν,
329 2868 391 2942 (sic
408 2868 457 2926 ihi
476 2864 566 2943 Ald.)
589 2873 763 2947 κρεοκοπείν
783 2863 857 2946 μέλη
877 2866 993 2941 ξένων.“
1043 2895 1046 2902 ¹
1074 2897 1077 2906 *
1139 2895 1142 2904 ¹
1230 2867 1237 2876 ’

183 3014 216 3054 v.
239 2985 312 3053 433.
336 2988 543 3054 ‚Schuetzius
577 2997 696 3054 vitiose
731 2987 889 3073 ἅνῴμοξεν.
930 2996 1081 3058 Butlerus
1110 3011 1143 3059 et

89 3072 241 3137 Botheus
259 3085 388 3157 propter
406 3075 588 3158 neglectam
606 3098 772 3137 caesuram
790 3084 949 3162 corrigere
967 3081 1144 3142 voluerunt

89 3181 238 3232 versum,
257 3161 317 3220 ille
336 3152 477 3236 ἅνῴμωξ’
506 3158 631 3237 εἰσορῶν
658 3158 759 3220 κακῶν
778 3159 890 3243 βάθος,
921 3163 976 3224 hic
997 3158 1139 3240 αἰ’ῴμωξ’

86 3234 127 3304 εὖ
151 3246 251 3303 κακῶν
271 3238 352 3326 ὁρῶν
369 3236 472 3323 βάθος
492 3240 675 3318 scribendo;
696 3243 753 3306 sed
772 3247 904 3308 videant
916 3249 1141 3309 Hermanuum

87 3335 132 3390 in
162 3323 268 3389 Elem.
296 3328 396 3389 doctr.
428 3338 521 3387 metr.
551 3349 584 3408 p.
610 3325 680 3391 110.
704 3350 754 3409 sq.
794 3337 827 3391 et
852 3335 889 3394 in
917 3330 1006 3415 Epit.
1038 3334 1138 3394 doctr.

86 3424 192 3474 metr.
215 3408 320 3496 pu55.
782 3411 787 3420 ’
962 3436 965 3441 ·

182 3561 215 3614 ν.
239 3532 311 3619 431.
351 3541 472 3620 vGritici
505 3549 662 3601 nostrates
691 3540 851 3603 facilitate
881 3543 1140 3605 Hemsterhusia·

88 3646 162 3686 nae
182 3615 419 3684 emendationis
442 3624 569 3705 decepti
588 3620 698 3703 εὐαννῆ
718 3628 856 3707 amplexi
875 3638 963 3688 sunt.
991 3625 1033 3697 At
1054 3630 1140 3690 bene

87 3704 199 3767 habet
220 3710 350 3789 uulgata
368 3699 473 3786 ἐὗαγῆ,
504 3712 533 3769 si
555 3710 751 3790 adjectivum
779 3714 826 3768 ita
847 3708 1075 3792 interpretaris,
1102 3727 1140 3776 ut

85 3792 192 3875 jubet
210 3792 316 3864 Schol.
336 3789 374 3852 A.
395 3788 432 3850 τὸ
453 3787 487 3853 δὲ
507 3789 599 3872 εὐαγῆ
617 3791 730 3864 παντὸς
749 3797 884 3875 στρατοῦ
910 3791 979 3855 ἀντὶ
1005 3800 1061 3857 τοῦ
1083 3816 1139 3857 κα-

83 3869 211 3956 θαράν,
228 3874 446 3959 κεχωρισμένην,
467 3865 499 3939 εὖ
513 3874 640 3959 ἔχουσαν
659 3872 727 3941 οἷον
745 3874 802 3959 τὴν
814 3876 940 3961 ἄποψιν,
966 3877 1018 3942 καί
1034 3879 1138 3959 ἔπιες·
