2717 4600
592 228 640 242 ...
694 203 763 276 134
809 217 860 235 ..-

212 393 261 477 git
278 382 609 466 ιοωοσ1.ἰᾱέοριι.
631 324 682 461 Al.
702 371 824 439 vrisst.
839 361 911 431 184.
935 361 1031 426 Conf.
1055 336 1165 420 notam
1187 369 1244 416 no·

213 486 314 536 stram<
334 472 424 533 adr.
446 463 509 531 614
532 479 566 529 et
585 462 657 526 815.
684 462 743 522 ubi
770 448 922 517 ἓπωδοίκω
947 460 980 509 et
1007 440 1103 514 ὅσσας
1133 441 1245 501 deien-

214 552 342 620 dnntur.
374 554 498 617 Videas
523 562 691 633 praeterea
718 545 848 602 Passer.
872 543 910 596 in
938 532 1018 594 Mel.
1045 550 1077 611 p.
1100 520 1152 587 lii.
1174 524 1244 585 Ετί

108 638 111 647 ’
216 641 257 702 ad
281 638 379 722 soph.
409 635 488 698 Ant.
510 633 592 694 1208
621 643 655 694 et
677 626 828 688 Sch'neid.
864 622 916 680 De
938 617 1015 676 dial.
1041 634 1074 695 p.
1098 604 1150 707 20.
1191 608 1248 667 Νι-

215 725 265 785 hil
285 729 384 806 igitur
407 716 469 783 hoc
497 721 569 780 loco
595 712 788 779 mutandum
810 726 882 768 esse
900 703 1016 783 elucet.
1036 722 1082 742 ·-
1109 693 1248 773 Vulgata

214 810 312 871 lectio
331 806 480 867 Κίσσινσν
499 815 558 865 est.
599 800 664 864 Sed
685 803 723 858 in
740 797 836 854 libris
855 806 929 849 cum
940 784 1084 859 antiquis
1101 790 1171 838 tum
1192 779 1262 847 hos

216 897 269 952 nis
287 902 351 950 ³aut
367 888 529 951 Ktrot'vorv
554 896 612 950 aut
638 881 779 944 Κισσίων
802 877 970 958 reperitur.
998 863 1189 925 scholiastes
1209 859 1246 920 A.

169 966 172 970 ⁵
215 973 363 1050 Κισσίων,
382 974 419 1034 Β.
437 972 590 1053 Κίσσίνων
600 973 718 1051 legisse
732 963 868 1027 ridetur.
897 956 1068 1014 Praeterea
1080 948 1122 1010 H.
1137 943 1247 1024 Steph.

114 1080 118 1089 ·
218 1061 298 1120 alios
324 1054 463 1117 Κισσίωί
487 1058 568 1118 alios
586 1051 751 1115 ’Κισσίιων
777 1046 944 1126 scripsisse
958 1044 1116 1096 testatur.
1163 1026 1251 1109 Quid

216 1147 317 1227 igitur
348 1143 444 1203 nobis
473 1140 684 1205 faciendum?
709 1134 793 1195 Cum
820 1131 909 1211 optio
936 1121 1012 1184 data
1033 1122 1089 1195 sit,
1115 1111 1252 1174 Κισσίων

217 1227 441 1310 praetulimus.
499 1254 502 1264 ·
926 1234 948 1251 .

222 2089 458 2154 Dochmiacum
487 2109 660 2175 numerum
687 2092 751 2154 hoc
776 2095 895 2156 melico
930 2091 1092 2153 contineri
1126 2095 1161 2147 et
1189 2092 1259 2143 tota

224 2181 294 2237 eius
318 2174 531 2237 conformatio
551 2183 586 2233 et
604 2177 705 2236 verba
731 2180 880 2260 inprimis
911 2182 948 2240 in
974 2170 1106 2255 stropha
1131 2162 1183 2229 τὸν
1201 2160 1259 2244 ἀμ-

225 2256 388 2337 φίζευκτον,
415 2261 452 2317 in
478 2258 678 2346 antistropha
712 2256 767 2322 τὸν
792 2252 954 2342 αίχμάωσα
976 2264 1097 2343 'aperto
1131 2252 1258 2313 docent.

223 2346 329 2427 Negat
348 2341 480 2422 quidem
499 2342 611 2406 Herm.
639 2343 745 2411 Elem.
775 2339 875 2408 doctr.
900 2351 992 2405 metr.
1014 2364 1047 2425 p.
1069 2331 1142 2399 245.
1171 2335 1259 2416 Epit.

226 2427 326 2489 doctr.
351 2436 444 2486 metr.
472 2446 506 2505 p.
534 2422 587 2486 92.
618 2426 705 2487 hanc
731 2428 870 2490 formam
896 2446 1078 2489 occurrere:
1098 2412 1269 2488 cll-d

226 2515 255 2571 si
276 2510 392 2570 ultima
421 2508 548 2587 syllaba
569 2511 615 2568 'ln
635 2511 784 2576 vocalem
813 2525 913 2584 erest,
939 2512 1068 2574 videtur
1092 2516 1204 2565 tamen
1226 2519 1264 2558 ea

227 2613 297 2662 non
316 2592 433 2653 illicita
453 2591 566 2666 fuisse,
589 2592 763 2664 dummodo
785 2618 871 2676 qnae
890 2594 1065 2677 respondet
1083 2586 1210 2670 syllaba
1227 2587 1264 2642 in

228 2686 463 2756 consonantem
495 2675 665 2742 desineret.
714 2678 796 2740 lnde
830 2682 866 2741 id
895 2684 1068 2751 canticum²
1103 2680 1265 2753 quantum

228 2761 303 2824 fieri
329 2769 449 2841 posset,
474 2757 734 2824 ln'dochmiacos
762 2785 914 2825 numeros
940 2763 1086 2843 redigere
1107 2767 1166 2840 par
1187 2762 1266 2813 erat·

228 2845 281 2906 De
313 2847 379 2904 arsi
411 2842 500 2906 nuda
531 2842 690 2912 dochmiis
729 2854 914 2912 consociata
945 2848 988 2909 σί
1020 2847 1130 2905 Herm.
1158 2838 1264 2898 Elem·

230 2927 331 2988 doctr.
354 2938 502 3007 metnp.
525 2924 598 2989 281.
620 2927 693 2992 282.
721 2931 810 3014 Epit.
841 2933 941 2995 doctr.
961 2941 1064 2993 metr.
1082 2950 1114 3010 p.
1137 2921 1197 2999 Sl,
1212 2918 1264 2980 88·

233 3008 305 3080 100,
326 3007 398 3074 101.
416 3008 487 3071 105.
512 3005 583 3077 107.

248 3141 253 3150 '
313 3157 347 3202 v.
371 3136 442 3200 101.
486 3135 582 3220 Quod
609 3140 647 3201 1.
666 3141 759 3205 Med.
789 3156 823 3205 et
838 3145 921 3208 Rob.
952 3090 1113 3214 exhibent,
1142 3153 1269 3218 tpara-

232 3226 379 3308 gogicum
408 3221 609 3301 adjunximus
635 3229 673 3285 in
697 3221 871 3291 tuicione.
919 3215 962 3289 In
992 3220 1193 3304 antistropha
1220 3237 1270 3275 re·

163 3368 167 3378 ,
233 3306 373 3398 spondet
389 3299 592 3386 ἄκροπενθεῖς.

318 3457 350 3498 v.
373 3431 443 3507 102.
486 3432 562 3502 Post
580 3429 721 3516 μελισσᾶν
742 3385 867 3504 comma
889 3385 1078 3516 delevimus}

272 3553 281 3578 '
318 3586 350 3627 v.
373 3558 446 3630 105.
486 3561 550 3624 llio
575 3565 666 3656 locps
692 3567 873 3631 Schuetzio'
889 3567 1156 3636 fraudem'fecit,
1187 3569 1275 3642 qtrae
1353 3573 1354 3618 ξ

144 3723 148 3732 .
236 3661 289 3710 rte
307 3654 436 3718 ereius
455 3652 724 3735 interpretdtione
743 3655 946 3735 intelligitur.
984 3653 1067 3713 Nam
1088 3649 1194 3731 πρῶνα
1211 3661 1277 3703 κοι-

237 3725 290 3790 tht
309 3728 381 3801 σίας
400 3727 573 3815 ἀμφοτέρας
595 3734 830 3798 Chersonesum
851 3738 1035 3808 Thraciam,
1064 3734 1213 3815 quemvis
1236 3722 1279 3794 ee

238 3812 282 3873 ab
306 3813 437 3897 Europa
464 3835 575 3878 versus
602 3816 713 3879 Asiam
737 3832 912 3903 procurrat,
948 3821 1035 3881 hanc
1071 3821 1114 3879 ob
1144 3832 1280 3877 causam

241 3894 396 3959 diol‘non
417 3914 527 3980 posses
548 3904 636 3988 quod
658 3924 726 3974 non
745 3904 895 3971 cohaeret
916 3897 990 3967 cunr
1004 3902 1094 3975 Asia,
1122 3902 1204 3981 qu'in
1225 3900 1287 3961 ἰὼ
