2717 4600
599 160 649 178 ...
703 147 869 213 „0-

218 334 310 385 nema
327 302 438 393 mele
455 311 515 398 γὰρ
535 313 571 376 ei
589 310 722 399 Σάρδεις
742 311 839 394 αὐτῷ,
857 317 980 375 iniuria
999 334 1019 373 a
1040 311 1183 374 Parme
1200 334 1249 374 re-

214 397 352 480 pudiari.
395 401 537 463 Minime
556 403 757 465 enirnlocue
776 410 887 463 noster
905 420 938 464 v.
958 395 1000 460 39
1022 408 1187 479 repugnat

299 536 330 576 v.
351 512 425 578 290.
467 516 509 577 In
528 518 617 580 Med.
637 519 670 579 B.
691 529 724 578 et
743 520 855 600 paucis
876 517 948 577 aliis
969 512 1071 586 codd,
1086 514 1175 593 quod
1195 536 1249 575 no·

214 598 266 659 bis
294 601 471 660 verisimile
503 613 552 662 est
578 604 667 680 (nam
697 624 771 663 cum
797 601 942 660 Stanleio
977 603 1036 679 qui
1067 603 1250 681 conspirant

215 682 351 759 codices,
364 685 496 745 silentio
510 686 677 768 praeteriit
684 687 856 761 Butlerus),
872 695 972 745 exstat
984 677 1141 761 Σεισάμης,
1155 706 1249 762 quam

150 821 153 829 ,
212 767 351 828 formam
371 773 545 849 genuinam
564 790 635 831 esse
654 775 849 831 censuimus.
890 771 973 828 Nam
996 779 1121 828 ceterae
1143 769 1249 828 lectio-

215 873 274 933 nes
295 852 394 911 facile
417 874 454 912 ex
473 852 618 935 legitima
643 858 801 937 scriptura
832 864 1000 934 corruptae
1026 863 1114 916 sunt.
1158 851 1250 932 Quod

213 940 251 995 in
275 935 332 1000 01.
353 957 384 997 v.
405 936 481 998 LB.
511 950 545 998 at
561 940 634 1007 ul.
658 941 759 999 Turn.
784 941 951 999 invenitor
967 931 1153 1017 ‘Setodpppa
1179 958 1249 995 cum

214 1031 316 1080 metro
335 1034 503 1103 repugnet,
524 1042 543 1102 p
565 1020 671 1083 deleto
696 1028 818 1104 optime
835 1026 867 1082 ei
887 1025 1051 1083 convenit.
1095 1020 1185 1081 Idem
1197 1042 1249 1081 va·

92 1113 98 1120 '
162 1150 164 1153 -
212 1105 261 1164 let
282 1103 322 1162 de
339 1102 506 1186 Σεισάρκης
527 1107 615 1185 quod
635 1112 672 1166 in
692 1108 788 1168 editis
811 1107 962 1166 omnibus
983 1104 1149 1185 reperitur.
1190 1107 1248 1164 No·

212 1209 279 1267 quo
298 1189 430 1251 silentio
450 1190 663 1271 premendam
683 1202 744 1262 est,
771 1194 1072 1272 pronuntiationem
1100 1186 1249 1249 Rauchli·

213 1276 348 1333 nianam
368 1294 448 1334 aevo
468 1274 556 1357 quod
586 1275 701 1335 dicunt
725 1274 834 1335 medio
856 1273 1056 1337 dominatam
1082 1293 1162 1333 esse.
1205 1273 1250 1331 Ex
1330 1298 1331 1305 ¹

124 1354 127 1363 ’
212 1380 279 1436 quo
300 1358 506 1437 intelligitur,
524 1353 680 1439 Σισάρμης
701 1370 736 1419 et
755 1351 908 1440 Σισάρκης
930 1358 1068 1417 aliorum
1096 1357 1251 1418 librorum
1330 1360 1331 1381 ;

152 1502 155 1519 ,
212 1443 372 1504 lectiones
388 1444 430 1502 ab
449 1440 556 1503 allatis
574 1447 712 1504 minime
735 1441 917 1504 abhorrere.
960 1439 1060 1502 Unde
1078 1445 1177 1500 etiam
1199 1462 1250 1521 ap·

211 1536 314 1610 paret,
335 1526 498 1604 quomodo
518 1538 607 1588 ortae
627 1532 696 1588 sint
717 1531 912 1609 scripturae:
935 1519 1083 1604 Σησάμης
1102 1536 1136 1584 et
1155 1519 1252 1584 Σισά-

210 1630 275 1691 μης.
301 1610 413 1671 Errori
437 1610 554 1671 calami
579 1611 735 1674 debemus
755 1605 901 1693 Σιράμης,
927 1609 1016 1691 quod
1043 1610 1135 1669 Cant.
1157 1606 1187 1674 1.
1220 1620 1251 1671 et

212 1695 320 1756 Schol.
347 1695 382 1754 B.
403 1700 583 1756 continent.
614 1696 725 1755 Etiam
749 1696 790 1755 H.
812 1694 922 1776 steph.
945 1687 1099 1773 Σεισάμης
1126 1714 1252 1753 conser-

211 1784 311 1845 vavit.
352 1778 471 1840 Videas
500 1791 610 1840 autem
637 1781 807 1851 sesamon,
837 1801 935 1858 quem
966 1800 1055 1849 cave,
1071 1777 1251 1853 confundas

150 1860 154 1867 “
212 1861 432 1933 cumSisame,
451 1862 486 1922 id
508 1864 598 1942 quod
618 1863 736 1923 accidit
751 1864 922 1939 Brunckio,
944 1884 976 1926 v.
995 1860 1058 1922 918
1078 1883 1248 1922 occurrere.
1330 1924 1331 1929 χ

211 1944 331 2024 Neque
351 1967 438 2020 vero,
458 1950 487 2006 si
510 1952 584 2026 quis
602 1969 638 2007 ex
655 1958 802 2009 veterum
830 1948 1037 2007 librariormn
1060 1946 1248 2006 confusione

211 2030 475 2115 doprayationem
494 2030 561 2092 loci
582 2035 686 2093 nostri
708 2031 862 2093 enuclare
880 2033 972 2103 velit,
991 2031 1243 2112 repugnabimus.

293 2170 326 2210 v.
348 2143 421 2209 295.
459 2143 620 2227 ’Ἑπαρχος
640 2153 679 2209 ἰιι
696 2148 825 2219 duobus
845 2159 975 2211 tantum
1003 2146 1095 2209 codd.
1123 2148 1243 2207 inveni·

208 2243 273 2299 tur.
315 2234 356 2291 Iu
376 2233 453 2316 Reg.
475 2233 513 2293 L.
543 2228 635 2316 ἀρχὸς
654 2234 783 2315 legitur.
826 2230 872 2292 At
899 2236 999 2294 ceteri
1024 2231 1151 2292 codices
1177 2252 1249 2289 cum

209 2318 283 2382 edd.
304 2327 384 2380 vett.
403 2329 438 2386 et
455 2314 562 2394 Sobel.
583 2321 620 2384 B.
638 2314 777 2397 ἄπαρχος
794 2318 964 2400 praebent,
991 2316 1080 2398 quod
1097 2316 1249 2417 praetuli·

111 2399 117 2409 ’
208 2424 290 2464 mus.
330 2398 588 2467 annotatsohoi
600 2404 637 2463 Β.
651 2401 745 2464 haec:
759 2398 909 2481 ἄπαρχος]
926 2395 1090 2482 ἐξαίρετος·
1112 2420 1177 2459 ono
1192 2399 1250 2458 τοῦ

208 2480 331 2567 ἀπαρχὴ
341 2485 487 2559 γίνεσθαι.
529 2486 623 2566 Quae
636 2509 712 2547 cum
729 2498 838 2568 aperte
855 2487 1005 2546 mutilata
1022 2489 1100 2556 sint,
1114 2489 1163 2544 ita
1182 2504 1250 2544 cor-

208 2576 397 2633 rexerimusz
425 2566 465 2642 ἐξ.
491 2563 554 2630 ἀπὸ
581 2571 638 2629 τοῦ
662 2563 803 2649 ἄπάρχειν
824 2569 941 2642 γίνεται
982 2571 1126 2632 Verbum
1146 2561 1252 2645 ainulp-

207 2674 265 2736 χειν
285 2652 372 2716 nihil
392 2665 457 2732 est„
472 2658 537 2714 nisi
561 2654 697 2733 simplex
717 2656 760 2713 ab
789 2655 932 2734 quadam
952 2665 1044 2737 perte
1066 2653 1253 2713 corrobora·

208 2752 279 2802 tum
301 2733 407 2819 ἄρχειν.
439 2738 565 2817 ρΝοφιο
587 2738 681 2797 aliter
699 2733 835 2819 ἄπαρχος
853 2738 966 2800 differt
986 2740 1028 2802 ab
1048 2729 1147 2819 ἆρχός.

290 2877 323 2918 v.
345 2849 418 2920 297.
461 2853 509 2912 Ex
535 2854 667 2918 Canteri
696 2859 911 2928 correctione,
939 2859 998 2936 qui
1024 2855 1134 2916 locum
1163 2864 1255 2913 recte

206 2941 366 3007 elimavit,
384 2956 515 2998 versum
533 2941 774 3000 constituimus:
793 2934 921 2999 τοιῶνδέ
938 2934 971 3016 γ’
995 2934 1096 3024 ἀρχῶν
1113 2937 1165 2998 νῦν
1180 2933 1255 2997 ὑπε-

202 3017 343 3107 μνήσθην
362 3016 438 3101 πέρι.
478 3019 531 3080 Ita
550 3042 619 3092 nen
636 3023 751 3104 procul
772 3045 791 3083 a
809 3023 902 3083 libris
918 3027 1059 3106 optimae
1082 3035 1179 3084 notae
1203 3043 1254 3081 re·

207 3109 343 3178 ceditur,
363 3116 397 3165 et
416 3115 508 3187 aptus
529 3101 639 3169 evadit
657 3105 798 3168 sensus(
825 3110 1000 3180 Construas
1021 3130 1155 3189 nempe:
1185 3124 1255 3164 τοι·

205 3188 283 3255 ὦνδέ
302 3186 336 3269 γ’
354 3182 547 3267 ὑπεμνήσθην
567 3189 619 3249 νῦν
637 3187 705 3274 περὶ
724 3186 831 3273 ἀρχῶν.
850 3187 951 3270 ’Appia
969 3197 1151 3275 „princeps,
1168 3189 1255 3248 dux“

205 3280 346 3342 occurrit
372 3278 471 3335 etiam
497 3279 536 3338 iu
562 3271 812 3359 Agam.v.123
841 3288 874 3336 ot
900 3297 998 3357 saepe
1024 3279 1062 3334 in
1091 3276 1252 3340 Homero.

205 3363 395 3444 Quaerere
416 3357 598 3422 Brunelsius
626 3371 659 3419 et
677 3358 906 3428 Blomfieldius
935 3359 1152 3442 excogitarunt
1181 3378 1256 3417 non

206 3449 247 3508 ab
265 3466 333 3530 una
353 3453 482 3506 tantum
499 3453 592 3526 parte
612 3441 796 3524 displicent.
816 3494 819 3504 .
854 3523 858 3534 δ

287 3560 395 3627 v.298.
438 3562 490 3621 De
500 3559 663 3620 tribracho
677 3554 758 3633 ὀλίγ’
779 3555 832 3620 ἀπ.
855 3560 989 3620 consule
1001 3560 1256 3642 praefationem.

203 3646 329 3709 Eodem
346 3649 491 3728 pertinet
511 3639 594 3719 λιγέα
613 3638 774 3724 κωκύματα
799 3668 830 3708 ν.
849 3642 923 3734 300.

286 3784 318 3826 v.
338 3761 411 3824 302.
458 3765 506 3824 Ex
533 3766 636 3825 Turn.
652 3774 751 3826 -recte
780 3737 981 3845 receperunt
1001 3760 1131 3824 Person.
1152 3760 1259 3829 Both.

202 3857 239 3912 et
252 3846 436 3911 Blemfield.
457 3842 557 3912 ridear
577 3866 614 3910 τι.
653 3848 737 3916 Nam
757 3841 792 3912 di
812 3849 971 3931 particum
992 3847 1198 3916 adversativa
1217 3844 1275 3930 h..
1299 3933 1304 3941 .
