2717 4600
491 165 871 258 ¹-166-

218 352 527 417 nauturBrunoltius
546 352 785 426 etSchuetains,
800 373 838 413 ea
856 350 958 413 rerba
970 345 1154 429 significare
1165 364 1249 426 prae·

218 451 317 512 terea,
339 441 420 500 istos
441 438 540 499 duces
569 458 669 498 unam
692 436 898 514 eandemque
915 454 1035 495 narem
1054 429 1250 491 commedis-
1337 498 1338 501 Ἴ

219 544 265 588 se.
306 522 391 582 Eum
412 543 556 593 smum,
585 543 685 601 quem
710 528 744 582 et
767 529 934 582 contextus
960 517 1027 576 loci
1051 526 1086 576 et
1105 535 1156 574 res
1185 516 1251 594 ipsa
1337 576 1338 597 ἶ

218 609 338 688 rejicit,
358 609 576 689 excogitarunt
594 610 788 688 interpretes
809 607 915 665 inrito
934 610 1041 684 poeta.
1084 601 1199 676 Neque
1214 616 1251 657 eo

220 700 348 751 constat
367 711 480 750 sensus
500 692 706 775 ambiguitas,
725 690 815 770 quod
831 707 927 750 voees
950 686 1081 767 aliquae
1095 682 1253 762 duplicem

218 778 520 855 interpretationem
547 779 758 857 permittunt,
793 793 932 852 quarum
962 789 1031 829 una
1055 778 1168 827 eontra
1192 765 1255 824 loci
1337 804 1338 813 η

221 867 405 918 contextum
432 860 673 940 ineptissimum
701 858 836 940 praebet
862 876 1010 929 sensum,
1050 851 1152 912 altera
1178 851 1255 930 opti·

222 962 313 1002 mum
331 952 365 1001 et
389 942 504 1021 procul
522 942 623 1005 dubio
648 963 777 1018 verum3
808 940 866 1002 sed
894 936 1086 1019 ambiguitas
1110 945 1180 994 tum
1205 930 1257 992 de·

221 1045 312 1085 mum
339 1035 454 1093 exstat,
486 1027 593 1086 sicubi
620 1039 759 1108 utraque
788 1025 1002 1106 explicatione
1026 1040 1129 1099 aeque
1155 1019 1256 1077 bonus

223 1112 373 1190 quamvis
398 1109 542 1170 diversus
573 1115 697 1171 exsistit
727 1131 850 1170 sensus.
913 1109 1028 1185 Neque
1058 1103 1257 1181 intelligitur,

223 1213 291 1271 quo
312 1202 407 1273 pacto
424 1197 461 1253 in
479 1195 588 1256 verbis
610 1188 666 1270 ἠδὲ
684 1190 757 1263 ναὸς
778 1191 812 1253 ἐκ
829 1191 921 1274 {inme
940 1182 1039 1249 πεσών
1058 1186 1118 1245 illa
1135 1189 1259 1245 critico-

223 1297 296 1336 rum
327 1277 519 1357 ambiguitas
546 1279 675 1338 sublata
702 1281 756 1339 sit.
807 1277 879 1339 imo
906 1294 995 1333 nuno
1021 1276 1141 1331 inesse
1155 1269 1260 1331 verbis

222 1362 468 1441 ambiguitatem
489 1361 653 1441 quandam
672 1360 883 1421 manifestum
903 1368 962 1432 eet,
978 1377 1053 1417 oum
1074 1354 1173 1418 verba
1192 1348 1262 1421 rodi

224 1439 259 1519 ἐκ
278 1442 367 1524 simne
381 1455 489 1504 utrum
509 1444 550 1504 ad
563 1442 845 1516 Atheniensem
859 1443 900 1504 ad
914 1442 1093 1520 Chrysaum
1106 1436 1264 1497 trahenda

224 1530 301 1601 sint,
322 1547 438 1609 parum
457 1529 592 1608 liqueat
633 1531 795 1590 Nimirum
820 1548 895 1588 cum
915 1525 1051 1604 Chrysei
1076 1535 1148 1582 tum
1166 1519 1265 1579 Athe·

225 1614 393 1672 niensium
421 1616 513 1675 navis
533 1633 634 1694 parva
655 1613 759 1674 fuisse
781 1623 899 1694 potest.
943 1608 1032 1691 Quid
1060 1626 1156 1689 porro
1179 1603 1265 1664 dica·

225 1716 300 1756 mus
327 1695 370 1756 de
397 1696 557 1778 adjectivo
583 1695 694 1778 βαιᾶςῖ
727 1700 794 1758 Cur
817 1717 855 1756 er
879 1714 979 1778 parva
1011 1696 1088 1753 navi
1116 1689 1265 1770 delapsus

226 1799 299 1841 esse
320 1780 417 1845 delmi
438 1778 619 1861 chryseos?
643 1780 733 1863 Quid
755 1782 900 1860 denique
924 1779 966 1839 de
992 1786 1086 1838 tanta
1109 1794 1129 1833 a
1149 1773 1266 1834 codici·

227 1863 291 1924 bus
312 1866 526 1936 aberratione,
543 1874 667 1945 quanta
686 1869 859 1947 praecipue
887 1867 924 1923 in
941 1854 997 1940 ἠδὲ
1022 1872 1057 1923 et
1072 1859 1164 1942 βαιᾶς
1190 1877 1266 1916 00¹²·

228 1949 384 2030 spiritur?
401 1948 523 2010 Vident
538 1970 652 2010 omnes
660 1950 844 2010 Hermanni
856 1948 1090 2009 correctionem
1102 1945 1195 2023 parri
1209 1941 1265 2000 du·

230 2031 367 2092 cendam
400 2052 488 2104 esse,
525 2043 626 2111 atque
654 2035 727 2115 ipse
758 2035 966 2094 Hermannus
995 2051 1069 2093 eam
1099 2046 1203 2109 nuper
1228 2028 1263 2083 in

230 2115 335 2177 Praei.
360 2113 398 2175 ad
424 2116 537 2199 Eurip.
562 2117 704 2177 Bacchas
734 2117 867 2185 silentio
891 2116 1117 2200 praetermisit.
1135 2142 1176 2156 -
1220 2108 1259 2166 ln

229 2196 515 2365 strettun
699 2200 814 2348 au
833 2206 908 2348 tt
923 2195 1269 2361 tutetur

670 2326 678 2344 ⁶
721 2329 729 2346 0
894 2326 907 2355 9
1123 2336 1132 2352 ι
1194 2338 1198 2358 ι
1255 2334 1264 2356 a

230 2369 314 2444 soil)
333 2368 440 2448 legere
460 2370 567 2430 voluit
591 2370 790 2430 Schuetzius.
833 2369 957 2430 Eadem
984 2370 1125 2447 conjecit
1148 2365 1270 2443 Reisig.

230 2457 269 2515 in
287 2454 433 2532 Conjeot.
451 2456 488 2512 in
507 2452 668 2536 Aristoph.
691 2454 750 2515 lib.
763 2455 789 2512 1.
809 2474 841 2534 p.
850 2451 902 2520 79.
945 2450 988 2512 At
1007 2453 1184 2530 quominus
1199 2457 1274 2529 poet

230 2536 286 2621 μιᾷ
306 2535 518 2597 subaudiatur
539 2532 636 2620 ἡμέρᾳ
655 2539 788 2598 obstant
806 2540 939 2622 linguae
965 2536 1109 2597 Graecae
1128 2533 1274 2614 regulae,
1326 2606 1328 2610 Ι

231 2637 325 2700 φιν.
347 2618 479 2681 nonnisi
503 2624 542 2681 in
571 2622 740 2682 formulisr
766 2621 805 2711 τῇ
827 2618 995 2703 προτεραίᾳ
1020 2631 1053 2680 et
1067 2620 1109 2708 τῇ
1129 2613 1276 2696 ὑστεραίᾳ

231 2707 323 2768 vocis
343 2697 440 2783 ἡμέρᾳ
461 2709 669 2766 omissionem
690 2709 869 2787 patiuntur.
913 2704 1009 2767 Porro
1035 2723 1136 2783 quam
1162 2720 1278 2781 super·

231 2807 335 2851 vacue
356 2797 391 2847 et
407 2791 695 2870 ineptemonltum
715 2799 799 2848 esset
819 2809 837 2848 a
855 2799 952 2870 poeta
973 2799 1093 2858 nostro,
1113 2784 1174 2846 hos
1194 2803 1278 2861 qua·

231 2882 307 2932 teor
327 2870 493 2931 Persarum
512 2871 619 2947 duces,
641 2893 724 2951 quos
754 2876 947 2942 nominavit,
977 2892 1044 2933 nno
1064 2872 1118 2932 die
1137 2867 1279 2928 cecidis-

232 2975 279 3026 se,
301 2973 376 3013 cum
398 2973 467 3014 non
494 2958 602 3015 minus
623 2956 753 3034 reliqui,
776 2961 836 3035 qui
859 2955 1069 3038 proferuntur
1093 2955 1278 3034 principes,

234 3035 350 3099 eodem
378 3037 432 3098 die
459 3058 497 3098 ex
515 3041 584 3116 vita
604 3040 810 3102 decesserint.
833 3069 877 3086 -
918 3039 1205 3122 Transgrediemur
1236 3034 1280 3095 ad
1339 3077 1340 3094 t

234 3122 326 3183 alios.
360 3119 518 3182 Porsonus
554 3125 596 3183 ob
612 3135 822 3205 augmentum
847 3128 1019 3197 omissum,
1050 3123 1139 3202 quod
1165 3122 1281 3181 omitti

216 3225 340 3350 itit
354 3201 1283 3353 οέιίῗὲἶὲῗὲζῗῑοὲωὲἔίῗῗί,Ἢῖἒωίῗὲἔῖἔῖἕῗζ

235 3375 392 3455 abjecisse
409 3376 497 3434 inter
515 3313 801 3438 eomanosvii‘ds
820 3311 937 3438 doctosg
952 3376 1188 3446 constantines
1210 3392 1286 3452 qua

234 3459 424 3519 conditione
440 3468 474 3519 et
491 3460 612 3538 quibus
629 3479 667 3518 er
685 3459 822 3539 legibus,
851 3481 921 3521 non
947 3469 1082 3521 constet
1125 3457 1286 3536 Abjectio

234 3559 313 3605 vero
333 3546 498 3624 augmenti
514 3546 657 3621 antiquis
684 3547 822 3622 stipatur
846 3545 985 3606 testibus
1010 3542 1084 3603 h.l.
1110 3543 1287 3620 omnibus,

237 3637 349 3686 eontra
381 3647 464 3705 quos
497 3627 546 3688 nil
571 3626 684 3689 valent
705 3628 795 3688 lusus
830 3633 958 3710 ingenii
981 3630 1212 3688 recentiorum.
1242 3655 1289 3669 -

235 3706 460 3772 Blomfieldius
479 3710 614 3772 Porsoni
634 3715 853 3789 conjecturam
874 3714 1006 3793 dignam
1029 3715 1166 3781 censuit,
1187 3727 1290 3788 quae

235 3793 272 3850 ln
297 3801 418 3857 tartum
446 3797 629 3874 recipiatur.
678 3792 826 3856 Annotat
843 3794 972 3857 tamen':
1000 3794 1114 3867 „Mihi
1140 3794 1292 3871 quidem

223 3877 336 3956 magis
359 3874 468 3955 placet
492 3872 559 3941 ott?
586 3874 724 3952 ἐξέπεσον
748 3874 782 3939 ἐκ
811 3880 882 3959 μιᾶς
902 3872 982 3952 νεώς.
1044 3877 1108 3937 Sed
1133 3882 1292 3958 suspicio
