2717 4600
598 134 868 256 ...„4..'.

215 363 409 426 rat-decebat
434 363 603 425 homiaem
628 357 780 441 Auginum
800 378 962 444 ⁴reportem
985 360 1092 423 voluit
1121 350 1264 443 οτιιιὲχα,Ι

208 458 303 508 ‚recto
322 453 388 526 jam
413 449 573 510 refutatus
595 447 636 506 ab
656 445 782 507 erudito
812 466 946 509 censore
965 450 1003 509 in
1022 442 1159 525 Ephem.
1184 441 1260 504 Jen.

216 529 308 596 1816.
327 533 522 596 πασσαδαη.
551 530 590 591 Ν.
613 528 685 597 105.
708 551 740 610 p.
765 526 837 592 365.
871 535 931 609 qui
959 550 997 591 ex
1023 525 1187 606 Hesychio
1211 536 1261 584 at·

213 616 291 677 tulit
311 616 468 696 στείιομαι,
489 610 651 693 ὀδυνῶμαι,
670 610 774 674 στένω.
798 614 848 674 Cf.
866 616 953 695 Sept.
978 612 1049 675 adv.
1069 610 1174 675 Theb.
1183 606 1258 676 870.

464 745 603 832 Strophu
622 757 655 807 et
671 745 873 830 antistropha
889 750 1004 829 prima.

210 1327 265 1388 sio
285 1321 371 1383 hanc
388 1318 553 1403 stropham
572 1320 807 1398 distribuimus,
829 1338 867 1387 ut
888 1348 931 1387 ne
950 1347 1030 1410 opus
1044 1331 1087 1387 sit
1104 1328 1256 1409 frangore

210 1428 307 1473 voces
330 1410 367 1466 in
394 1406 464 1467 fine
490 1426 658 1483 versuum,
693 1420 726 1467 et
754 1430 853 1487 quam
883 1410 956 1472 fieri
986 1415 1104 1493 possit,
1132 1414 1265 1473 similes·

211 1494 295 1555 fiant
315 1511 437 1552 versus.
480 1491 563 1553 Cum
582 1512 662 1552 voce
682 1488 830 1573 βασίλειος
844 1495 935 1555 finiri
953 1516 1081 1558 versum
1101 1497 1253 1570 nolimus,

211 1580 369 1659 quoniam
388 1566 539 1655 βασίλειος
561 1569 700 1656 στρατός,
724 1579 816 1637 etin
843 1579 1046 1661 antistropha
1073 1575 1122 1638 ἐπὶ
1150 1583 1254 1640 πᾶσαν

210 1657 311 1743 χθόνα
328 1672 397 1721 tam
421 1670 507 1719 arcte
524 1656 708 1731 cohaerent,
727 1672 764 1720 ut
787 1683 879 1743 aegre
898 1674 1026 1723 tantum
1041 1662 1155 1725 divelli
1175 1687 1255 1746 que·
1281 1697 1290 1704 ·

211 1757 279 1806 ant.
316 1743 367 1805 cf.
391 1753 497 1804 autem
520 1742 631 1805 Herm.
659 1747 711 1804 De
731 1751 842 1805 metris
867 1769 899 1830 p.
920 1744 993 1809 325.
1020 1748 1126 1808 Elem.
1150 1744 1250 1817 doctr.
1356 1788 1357 1791 =

209 1840 303 1890 metr.
325 1849 357 1909 p.
377 1819 449 1892 197.
475 1838 508 1887 et
527 1826 615 1909 Epit.
638 1827 737 1890 doctr.
766 1841 857 1891 metr.
878 1854 911 1914 p.
936 1827 1006 1899 177.
1034 1833 1099 1891 Cur
1119 1853 1139 1891 a
1160 1832 1200 1897 V.
1222 1833 1252 1893 S.

210 1917 367 1995 opinione
396 1912 637 1990 aliquantulum
665 1916 702 1974 in
738 1935 889 1975 versuum
918 1927 1078 1976 structura
1101 1916 1251 1976 recedere

211 2001 283 2061 ausi
300 2001 413 2067 simus,
432 2017 469 2056 ex
488 1998 529 2056 iis
553 2015 638 2075 quae
659 1995 756 2057 modo
778 1995 926 2072 diximus,
952 2011 1052 2083 patet.

293 2134 325 2176 v.
350 2110 400 2174 69.
442 2112 519 2172 Post
539 2106 650 2184 Ἕλλας
677 2118 919 2201 interpungere,
948 2130 1031 2200 post
1060 2112 1168 2196 ὅδίσμα
1197 2118 1252 2179 de·
1341 2114 1357 2179 ss

209 2200 278 2262 lere
299 2200 597 2279 interpunctionem
616 2218 676 2279 par
696 2210 754 2260 est.
786 2200 836 2261 Cf.
856 2201 1048 2283 Stanlejum.
1092 2202 1184 2283 Quae
1214 2207 1252 2265 in

210 2287 408 2348 contrarium
446 2280 598 2344 disseruit
629 2281 829 2361 Schuetzius,
866 2287 986 2368 regulis
1028 2291 1250 2369 grammatices

208 2372 354 2433 Graecae
378 2366 630 2446 redarguuntur}
659 2367 718 2438 „st
743 2389 819 2430 vero
845 2364 955 2449 ὅδισμα
982 2382 1116 2441 teneas,
1131 2372 1249 2434 melius

197 2463 266 2529 est,
288 2454 353 2513 coli
374 2456 465 2531 signo
487 2470 506 2509 a
524 2453 739 2530 sequentibus
766 2453 960 2535 disjungere,
986 2467 1025 2519 ut
1048 2448 1250 2534 πολύγομφον

207 2535 318 2617 ὅδισμα
340 2541 389 2596 sit
403 2535 574 2617 explicatio
604 2536 765 2614 quaedam
790 2538 962 2600 verborum
993 2534 1156 2619 δινσδέσμῳ
1185 2560 1249 2619 σχι-

206 2618 269 2701 δία,
297 2625 396 2683 etita
416 2628 629 2680 connectatur
651 2641 727 2679 cum
754 2621 1034 2695 antecedentibus,
1061 2635 1101 2684 ut
1125 2625 1181 2685 vol
1207 2628 1252 2684 si·

206 2708 279 2770 mul
298 2725 373 2766 cum
395 2724 459 2764 acc.
479 2698 624 2784 πορθμὸν
643 2724 664 2763 a
690 2708 861 2787 participio
882 2701 1012 2788 ἀμείψας
1030 2719 1170 2789 regatur,
1194 2709 1251 2772 voi

207 2792 355 2852 absolute
374 2790 518 2869 positum
537 2791 613 2847 sit.“
654 2787 727 2849 Imo
745 2782 945 2868 πολύγομφον
966 2786 1076 2870 ὅδισμα
1096 2813 1171 2853 cum
1191 2788 1250 2871 ἆμ-

206 2869 345 2957 φιβαλὼν
370 2871 630 2936 connectendum
654 2883 714 2934 est.
740 2868 829 2949 ζυγὸν
857 2886 965 2937 autem
991 2897 1050 2958 pro
1083 2870 1124 2946 ὥς
1153 2872 1248 2952 ζυγόν,

205 2962 366 3042 appositio
387 2966 438 3015 est
456 2959 544 3016 vocis
564 2949 680 3035 ὅδισμα.
720 2956 888 3019 Notandus
908 2980 988 3020 sane
1007 2961 1039 3022 h.
1059 2961 1084 3023 l.
1105 2962 1247 3041 siugula-

203 3050 249 3107 ris
272 3043 482 3124 appositionis
501 3060 590 3110 usus,
608 3040 649 3100 de
670 3061 737 3121 quo
759 3046 890 3124 copiose
910 3050 1062 3106 tractavit
1075 3047 1243 3108 Dobraeus

205 3129 247 3201 ud
267 3123 428 3206 Aristoph.
451 3120 537 3192 Plut.
558 3115 631 3186 314.
651 3144 684 3208 p.
707 3122 759 3186 93.
782 3127 832 3187 ed.
854 3128 895 3186 Li
919 3150 945 3189 s.
972 3129 1057 3190 Vide
1079 3141 1246 3211 praeterea
1303 3129 1307 3134 ’

201 3214 316 3275 Herm.
338 3208 379 3281 de
393 3207 514 3289 Eilipsi
532 3229 563 3294 p.
579 3206 649 3269 191.
674 3206 714 3268 ad
736 3210 806 3292 vig.
829 3149 945 3293 p,8i5.
967 3213 1073 3274 Koen.
1097 3214 1138 3274 ad
1153 3214 1244 3272 Gre.

205 3301 282 3359 Cor.
301 3317 333 3378 p.
355 3290 427 3360 331.
451 3293 540 3374 Lips.
568 3293 690 3373 Reisig.
723 3295 868 3376 Conject,
891 3300 928 3357 iu
947 3294 1052 3364 Aristo
1075 3297 1109 3357 h.
1139 3320 1171 3379 p.
1192 3233 1244 3360 33.

204 3383 311 3465 Quem
340 3397 433 3437 usum
463 3398 536 3449 curn
556 3397 624 3435 non
650 3382 832 3459 perciperet
854 3379 953 3441 homo
982 3382 1023 3440 ad
1073 3377 1246 3459 eschylum

203 3461 442 3527 emendandum
470 3465 556 3539 justo
578 3466 779 3544 propensior,
805 3463 1042 3541 Blomfieldius,
1071 3465 1247 3549 legendum

204 3554 332 3622 censuit
356 3541 491 3624 ὅδισμοῦ.

285 3688 315 3728 v.
338 3661 389 3732 70.
432 3661 492 3724 Pro
522 3654 630 3740 ὅδισμα
650 3663 687 3719 in
704 3661 836 3735 Robort.
863 3665 982 3746 legitur
1006 3661 1133 3746 ἔρεισμα,
1154 3663 1243 3742 quod

144 3797 149 3806 .
202 3755 301 3826 etiam
328 3769 348 3808 a
373 3747 552 3828 Scholiasta
576 3743 616 3805 A.
641 3758 848 3828 memoratur.
890 3750 940 3809 Ea
969 3749 1136 3816 diversitas
1163 3751 1243 3806 satis

98 3909 100 3918 Ι
173 3900 176 3907 .
202 3839 339 3913 antiqua
360 3853 431 3891 esse
457 3831 596 3900 videtur,
625 3838 659 3889 et
686 3829 823 3892 fortasse
849 3834 1023 3894 tribuenda
1051 3843 1100 3893 est
1129 3836 1245 3891 actori-

199 3919 271 3996 bus,
293 3936 375 4008 quo·
394 3919 431 3976 to
451 3918 644 3998 tragicorum
665 3920 825 4006 poematis
845 3918 949 3983 multa
976 3923 1165 3981 immutasse
1187 3936 1244 3977 ne·

567 4203 594 4249 ί
