2717 4600
491 165 759 244 —167-

106 348 195 411 haud
214 348 296 411 lavia
314 350 426 411 mente
441 348 585 419 insidet,
613 359 718 413 totum
737 368 866 409 versum
894 351 1073 415 insititiam
1094 369 1142 409 es·

106 446 152 504 se,
173 433 322 513 et'plene
343 442 417 511 post
436 432 536 513 τρίτος
553 434 663 497 locum
680 436 868 512 interpungi
879 433 1027 493 debere.“
1049 433 1142 512 Quae

106 541 181 581 cum
207 539 263 576 nes
288 515 417 579 taedeat
446 519 559 579 multis
586 521 785 600 argumentis
811 521 955 595 rejicere,
980 528 1141 597 quantum

104 603 245 676 valeant.
265 601 403 662 lectores
427 606 491 683 ipsi
511 603 666 682 judicent.
687 634 726 647 ·-
768 601 974 665 Hermannus
995 601 1140 677 denique

103 686 265 765 vulgatam
285 688 446 749 existimat
466 698 647 766 corruptam
670 707 739 746 nou
759 687 802 745 ob
819 706 961 756 sensum,
982 695 1140 762 quantum

74 769 260 845 ⁴videmus,
284 768 344 829 sed
363 770 406 833 ob
424 775 528 833 ‚metri
544 775 848 833 inconcinnitatem.
886 769 935 829 ef.
962 768 1067 829 Praef.
1099 766 1140 827 ad

100 853 214 933 Eurip.
236 851 378 913 Bacchas
404 875 439 933 p.
458 856 548 915 XXI.
568 856 676 917 XXII.
697 908 700 919 .
721 854 810 935 Quid
837 874 914 915 vero
942 854 1007 913 sibi
1031 851 1140 914 videa-

100 948 164 1008 tur,
185 948 258 997 tum
279 936 367 999 dicet
381 938 600 1008 Hermannus,
620 960 724 1017 quum
739 936 915 1018 Aeschylus
936 942 968 997 ei
989 957 1008 997 a
1029 934 1140 997 multis

100 1022 278 1082 multorum
311 1027 506 1100 conjecturis
539 1023 727 1083 liberandus
761 1028 832 1082 erit.
884 1018 989 1081 Πέσον
1022 1028 1139 1088 autem,

100 1098 200 1166 θάνον
221 1115 256 1164 et
275 1104 341 1164 alia
362 1108 461 1166 verba
481 1108 601 1169 similia
625 1124 786 1184 nusquam
812 1111 884 1165 sine
909 1113 1081 1185 augmento
1103 1105 1139 1159 in

100 1194 254 1266 trimetris
280 1197 436 1270 usurpata
463 1211 541 1265 esse,
567 1194 781 1251 certissimum
806 1199 900 1271 putat
922 1189 1140 1258 Hermaunus,

98 1295 174 1333 eam
192 1275 235 1334 ob
252 1293 331 1347 rem,
346 1273 434 1352 quod
454 1295 493 1336 aa
513 1275 617 1334 multo
636 1272 779 1333 debilius
800 1274 882 1353 quid
901 1282 1030 1340 sonent,
1041 1290 1140 1347 quam

98 1378 202 1437 quum
224 1356 359 1417 addatur
380 1369 597 1437 augmentum.
641 1357 792 1435 Namque
817 1361 1002 1438 primarium
1022 1355 1064 1415 de
1084 1374 1139 1413 au·

101 1452 233 1524 gmento
252 1440 409 1523 regulam,
431 1461 468 1500 ox
489 1462 554 1519 que
568 1453 695 1502 ceterae
711 1442 867 1522 pendent,
888 1441 940 1500 his
960 1441 1068 1503 verbis
1089 1459 1139 1497 ex·

101 1529 219 1605 pressit
238 1525 276 1601 (l.
297 1545 324 1582 c.
344 1545 377 1604 p.
400 1524 538 1601 XXVl)=
566 1523 744 1606 ,Apertum
768 1537 817 1585 est
836 1537 955 1599 autem,
984 1525 1140 1602 quoniam

101 1630 140 1668 ex
159 1612 287 1688 poetica
297 1606 441 1669 dictione
462 1620 589 1691 sumpta
609 1613 654 1670 sit
672 1611 812 1689 abjectio
830 1612 1004 1690 augmenti,
1022 1608 1141 1667 debere

100 1695 172 1752 eius
199 1694 267 1753 vim
297 1692 442 1752 eamdem
465 1712 551 1764 esse,
579 1715 663 1772 quae
692 1706 743 1754 est
767 1698 915 1755 omnium
939 1696 1140 1773 poeticarum

99 1776 289 1845 formarum,
310 1787 348 1835 ut
362 1780 542 1837 orationem
558 1784 736 1859 graviorem
745 1778 890 1839 reddet.“
931 1776 1027 1839 Unde
1041 1794 1140 1854 quae-

99 1880 211 1918 sumus
230 1859 294 1919 hoc
314 1871 461 1939 apertum
486 1873 545 1936 est,
567 1867 715 1923 omnium
740 1867 941 1945 poeticarum
961 1860 1139 1921 sennarum

98 1946 167 2005 vim
182 1964 263 2013 esse,
285 1954 323 2003 ut
339 1948 520 2006 orationem
535 1947 673 2008 reddum
684 1949 885 2026 graviorem?
905 1947 1023 2006 Nonne
1038 1947 1138 2004 etiam

97 2028 256 2087 leniorem
263 2069 274 2096 ,
314 2034 516 2100 suaviorem,
551 2035 724 2113 gratiorem
758 2031 900 2090 reddunt
938 2027 1140 2090 orationem?

97 2112 216 2170 Nonne
243 2115 378 2172 omuino
406 2133 444 2173 eo
473 2113 624 2183 tendunt,
652 2124 691 2173 ut
709 2118 869 2193 poeticam
887 2117 1069 2174 orationem
1097 2112 1137 2171 ab

95 2196 212 2272 ,aliqua
230 2204 323 2274 parte
342 2194 480 2256 reddant
501 2198 651 2271 alienam,
680 2207 718 2257 ut
745 2217 814 2257 non
839 2198 945 2258 solnm
974 2215 1138 2263 numanis,

96 2278 272 2340 sedetiam
293 2278 393 2339 verba
414 2282 487 2359 ipae
511 2300 529 2339 a
558 2281 684 2360 vulgari
704 2300 854 2346 seimona
881 2279 1067 2363 paullulum
1089 2299 1139 2338 re·

96 2362 241 2423 cedant?
260 2361 441 2422 Hermenni
461 2364 616 2444 regulam,
638 2386 738 2444 quam
755 2364 797 2425 de
816 2366 942 2444 abjecto
963 2365 1136 2447 augtnento

95 2446 343 2526 quincuplicem
371 2446 407 2522 (l.
428 2468 458 2507 c.
479 2467 511 2527 p.
529 2448 614 2510 LIV.
626 2449 723 2521 LV.)
738 2453 925 2530 proposuit,
954 2448 1138 2530 improban-

96 2532 172 2591 dam
204 2550 275 2590 esse
302 2528 429 2589 duobus
454 2551 494 2591 ex
517 2535 714 2611 argumentis
743 2532 975 2596 concludimus.
1029 2533 1138 2590 Pulmo

95 2615 188 2692 quod
215 2614 296 2674 dicit
328 2614 366 2674 V.
388 2614 420 2673 8.
443 2617 619 2675 omissione
649 2620 815 2695 augmenti
846 2621 956 2697 augeri
982 2619 1138 2678 orationis

94 2699 299 2779 dignitatem.
342 2698 476 2758 Etenim
493 2699 531 2761 id
552 2701 724 2766 contendit
744 2702 806 2783 fed
827 2723 896 2762 non
917 2701 1036 2774 effecit,
1062 2720 1138 2758 cum

58 2799 70 2816 ⁸
94 2785 311 2844 inveniantur
338 2783 439 2842 verba
465 2796 638 2864 augmento
667 2785 839 2856 destitute,
864 2788 985 2864 quibus
1012 2793 1138 2843 contra·

94 2871 184 2926 rium
213 2865 419 2945 approbem.
462 2867 609 2928 Secundo
636 2868 727 2946 quod
753 2868 863 2948 plures
890 2870 977 2929 locos
1007 2866 1137 2946 regulae

95 2970 177 3010 suae
197 2945 405 3022 adversarios,
427 2955 575 3027 quamvis
596 2959 810 3012 monumenta
835 2955 969 3029 antiqua
991 2972 1046 3013 eos
1066 2960 1138 3009 tue·

95 3043 205 3104 antur,
226 3051 298 3105 eam
320 3032 361 3090 ob
380 3053 508 3092 causam
526 3045 667 3095 mutatos
687 3036 769 3097 uult.
812 3037 882 3095 Imo
903 3057 971 3096 non
991 3036 1057 3094 loci
1079 3032 1136 3091 sed

94 3117 210 3196 regula
230 3125 280 3175 est
299 3115 519 3176 insimulanda
537 3128 571 3176 et
593 3118 782 3179 accusanda.
824 3121 899 3199 Ipse
929 3120 1135 3178 Hermannus

94 3201 240 3264 velimus
258 3202 361 3277 magis
381 3199 615 3262 coatsiderasset
634 3223 710 3260 cum
730 3207 838 3262 animo
856 3223 925 3272 suo,
946 3222 1030 3281 quae
1042 3220 1137 3279 ‚egre-

93 3289 150 3366 gie
173 3282 306 3360 quidem
332 3293 446 3343 contra
468 3284 663 3343 Elmsleiu'm
684 3286 720 3361 (l.
742 3308 769 3345 c.
791 3309 824 3368 p.
846 3287 965 3363 XXV.)
993 3286 1135 3368 soiipsitx:

93 3368 215 3448 „Quae
236 3387 314 3427 vero
334 3377 430 3440 recte,
443 3379 527 3450 apte,
539 3369 662 3449 pulcre,
683 3374 821 3449 graviter
834 3367 1019 3437 dictasunt,
1035 3365 1137 3442 idque

94 3449 274 3529 aliquando
303 3454 365 3525 ita,
400 3463 437 3516 ut
467 3452 653 3531 corrigendo
681 3474 749 3513 non
776 3458 903 3536 possint
932 3472 1000 3511 non
1027 3469 1135 3531 prava,

93 3542 220 3615 inepta,
246 3538 432 3607 invenusta,
456 3536 609 3616 languida
637 3538 718 3612 fieri,
750 3559 790 3598 ee
824 3542 897 3618 quis
927 3556 995 3595 non
1024 3532 1138 3594 defen-

95 3620 205 3679 denda
225 3622 333 3699 potius
355 3631 388 3679 et
408 3619 668 3700 communienda,
687 3644 785 3700 quam
800 3618 1017 3701 impugnanda
1038 3628 1072 3678 ot
1088 3617 1136 3675 la·

94 3701 291 3764 befactanda
316 3702 520 3776 iudicabiti'“
568 3705 728 3766 Nimirum
761 3710 879 3765 rectius
908 3704 947 3764 de
976 3703 1049 3761 loco
1078 3722 1135 3761 no-

98 3796 166 3844 stro
181 3785 336 3865 judicavit
356 3785 468 3849 Herm.
482 3779 537 3846 ¹ad
564 3788 660 3868 Soph.
681 3786 735 3868 Aj.
758 3787 831 3854 301.
850 3821 894 3836 -·
934 3785 1033 3848 Nunc
1058 3806 1134 3846 vero
1182 3819 1190 3824 -

97 3868 182 3949 quid
202 3892 260 3931 nos
281 3871 415 3950 quidem
429 3872 469 3935 de
489 3877 607 3936 omisso
628 3886 800 3955 augmemo
820 3877 1008 3942 sentiamus,
1030 3872 1135 3930 brevi·
