2717 4600
498 141 767 207 ηπ..

525 439 735 515 „7711

562 514 738 542 υυυνν-

116 609 119 616 ·
195 594 241 654 Ut
274 594 453 651 accuratior
487 591 653 650 exsisteret
686 596 853 675 responsio
881 614 910 656 v.
932 593 995 654 883
1016 625 1062 639 -
1079 591 1150 661 887.
1200 597 1204 604 “

110 680 218 747 Xerxi,
239 679 277 738 'v.
299 674 372 735 888.
399 674 505 734 Choro
530 671 716 740 tribuimus.
762 678 884 739 Confer
911 677 1021 739 Herm.
1046 678 1150 740 Elem.

111 761 211 822 doctr.
239 771 333 819 metr.
362 781 394 839 p.
418 754 491 823 755.
514 758 601 838 Epit.
630 757 731 819 doctr.
758 771 848 823 metr.
874 784 906 843 p.
930 758 1004 828 272.
1052 760 1151 822 Aliud

110 856 219 904 autom
237 849 340 927 egisse
360 844 490 903 videtur
509 842 728 914 Hermannus»,
753 867 828 905 cum
856 850 895 906 in
923 847 1028 907 Elem.
1051 845 1149 905 doctr.

108 940 202 988 metr.
231 947 265 1008 p.
288 921 359 994 417.
390 937 423 986 et
450 930 488 986 in
514 925 602 1006 Epit.
635 924 735 989 doctr.
757 939 858 998 metr.
875 952 908 1011 p.
931 927 1001 991 153.
1021 947 1148 990 versum

107 1010 182 1072 883.
205 1015 248 1071 in'
266 1013 479 1092 anapaesticis
500 1010 621 1089 cycliis.
640 1024 833 1077 numeraret.
877 1016 973 1095 Fugit
1001 1034 1075 1073 eum
1095 1031 1150 1075 vo-

109 1100 157 1156 cis
176 1089 282 1154 Ἰάνων
298 1107 459 1154 mensura.

191 1224 223 1264 ν.
243 1200 316 1262 883.
339 1193 411 1260 884.
455 1201 603 1281 Utroque
622 1200 696 1262 loco
719 1225 756 1263 ex
775 1202 867 1265 libris
890 1208 1032 1305 optimae
1052 1215 1150 1264 notae

106 1277 212 1346 Ἰάνων
232 1290 422 1368 recepimus.
465 1284 513 1344 Ex
531 1278 640 1345 Ἰάνων
657 1298 763 1348 ortum
783 1298 834 1348 est
857 1283 982 1348 Ἰαονων
1007 1287 1149 1349 nonnul-

109 1372 216 1431 lorum'
235 1369 323 1430 MSS.
347 1369 457 1442 lectio,
475 1368 700 1429 undenorum
721 1375 877 1451 originem
898 1372 987 1432 duxit
1007 1371 1146 1452 vulgata.

111 1454 207 1513 Confi
231 1454 360 1516 Passov.
388 1474 421 1534 p.
445 1450 494 1513 51.
518 1453 719 1513 Blomfieldii
758 1460 944 1532 conlectura
975 1449 1064 1515 Ἰάων
1083 1451 1146 1531 γὰρ

110 1533 234 1618 ἀπηύρα
253 1538 432 1616 elegantior
449 1557 548 1615 qnam
570 1537 685 1596 utilior
705 1550 763 1603 est.
806 1536 954 1599 Alterum
974 1533 1073 1599 Ιάνων
1094 1539 1148 1599 vel

107 1617 217 1681 Ἰώνων
246 1621 396 1680 delenrnt
423 1620 648 1680 Blomfieldius
675 1633 709 1681 ot
742 1621 980 1696 Lachmannus,
1013 1624 1148 1703 jubente

108 1707 295 1765 Hermanno
329 1705 382 1764 De
408 1708 520 1765 metris
552 1727 585 1786 p.
607 1697 679 1764 428.
727 1707 801 1787 Quo
829 1705 917 1767 facto
947 1717 981 1767 ot
1007 1717 1147 1765 inanum

107 1790 258 1859 laeditur,
284 1799 319 1848 et
346 1788 469 1850 colores
495 1788 562 1848 loci
588 1793 711 1870 poetici
740 1792 922 1851 tabescunt.
974 1790 1068 1869 Quae
1090 1788 1148 1847 alii

107 1877 336 1955 excogitarunt,
366 1874 415 1932 nil
444 1893 616 1933 moramur.
634 1905 677 1917 -
717 1874 958 1934 Blomfieidiusz
985 1869 1147 1951 ,,Ἀπαι’ρα

106 1961 197 2034 (sici)
226 1957 336 2019 Fruor.
370 1957 513 2016 Fructum
540 1972 673 2037 reporto.
702 1958 846 2017 Pessime
863 1961 1065 2038 interpretes,
1091 1955 1148 2015 eri·
1256 1960 1259 1968 '

102 2042 174 2126 pair
190 2040 304 2124 florem
317 2038 505 2122 juventutis.
537 2040 662 2097 Locum
689 2044 736 2098 sic
763 2044 910 2110 verteris,
938 2040 1028 2102 Mars
1049 2057 1147 2098 noster

106 2122 232 2182 navibus
252 2123 411 2181 instructus
432 2122 468 2196 (i.
490 2142 519 2180 e.
541 2118 654 2199 classis)
676 2119 745 2180 aliis
765 2124 924 2182 victoriam
946 2121 1060 2198 cedens,
1082 2146 1147 2194 rna·

106 2206 140 2267 Ia
164 2224 316 2287 perpessus
344 2219 386 2261 est
414 2200 452 2262 ab
480 2199 608 2262 ionibus.
652 2205 844 2265 simillimus
873 2217 923 2267 est
952 2228 1028 2265 usus
1054 2209 1146 2265 verbi

106 2281 238 2370 αἶπαύρω
260 2310 278 2347 a
304 2333 310 2348 .
336 2286 466 2347 Hesiod.
487 2287 516 2346 O
541 2334 549 2347 .
571 2286 644 2348 238.
672 2282 802 2349 πολλάκι
824 2283 876 2349 καὶ
895 2286 1037 2368 ξυμπᾶσα
1059 2284 1146 2368 (tip-

106 2377 206 2449 πασα)
235 2311 322 2443 πόῖις
349 2372 444 2431 κακοῦ
468 2365 505 2429 ἄν
524 2366 577 2450 ρὸς
605 2366 737 2451 ἀπηύρα,
766 2376 816 2432 uti
845 2377 1024 2435 rectissime
1045 2373 1147 2433 edidit

107 2457 310 2518 Gaisfordius
340 2460 377 2514 in
403 2459 528 2535 egregio
565 2454 624 2514 illo
648 2455 820 2515 Poetarum
844 2461 1007 2516 minorum
1036 2479 1145 2538 corpo-

106 2546 172 2603 re“.
210 2540 308 2601 Nihil
328 2541 484 2620 probatur
498 2538 573 2597 loco
594 2542 702 2613 citato,
728 2560 795 2621 quo
820 2545 954 2618 antiqua
975 2541 1073 2602 lectio
1096 2552 1146 2603 est

104 2625 236 2706 ἐπαυρεῖ,
256 2644 352 2703 qnae,
374 2627 435 2683 etsi
452 2632 601 2703 suspecta
621 2633 680 2693 est,
700 2633 811 2682 tamen
837 2627 875 2681 in
902 2618 1025 2704 ἀπηύρα
1051 2625 1144 2684 nullo

104 2710 207 2771 modo
229 2712 349 2768 matari
375 2716 492 2788 potest.
536 2706 634 2766 Porro
663 2705 747 2785 quid
769 2716 828 2777 est,
849 2707 938 2785 quod
964 2716 1032 2767 tarn
1050 2714 1145 2766 'acen

105 2796 150 2853 be
169 2792 358 2871 interpellet
385 2796 578 2871 interpretes
598 2790 844 2852 Blomiieldius?
873 2793 990 2851 Nonne
1016 2796 1145 2872 saepius
1180 2812 1185 2821 ·

105 2879 144 2936 in
178 2877 359 2935 Homericis
394 2878 533 2933 decurrit
565 2869 710 2955 ἀπαυρᾴν
745 2877 933 2954 „eripere“i
972 2875 1079 2935 Schol.
1108 2875 1144 2935 B.
1249 2920 1256 2933 .

105 2953 241 3040 ἆπηύρᾳ]
265 2951 403 3034 ἀφείλετο
424 2950 509 3035 ἡμᾶς,
537 2957 593 3018 sed
614 2958 733 3018 melias
754 2957 891 3020 fortasse
916 2953 1020 3030 γένναν
1048 2980 1085 3020 er
1110 2980 1142 3020 v.

104 3043 180 3104 880.
206 3044 338 3125 repetis.
356 3072 399 3095 ι-
448 3039 691 3101 Blomfieldius2
727 3035 967 3122 ,Ναόφρακτοα
1008 3039 1145 3101 Navibus

104 3128 245 3187 munitm
274 3121 423 3195 Photius,
449 3116 671 3200 Ναύφρακτον,
695 3120 750 3201 τὴν
774 3119 911 3204 Ἀττικὴν
939 3118 1062 3202 δύναμιν
1088 3142 1144 3183 αα-

98 3206 202 3270 dnim
222 3210 334 3288 Eurip.
347 3208 430 3289 ,lpn
451 3204 605 3269 A.1259.
629 3202 738 3289 ὁρᾶθ’,
766 3204 842 3269 ὅσον
870 3203 1041 3290 στράτευμα
1070 3201 1144 3267 ναύ-

105 3288 337 3375 accaronita.
380 3293 421 3350 In
439 3293 501 3355 hoc
519 3292 593 3352 loco
614 3290 655 3352 de
672 3293 840 3359 Persarum
860 3294 963 3353 classe
985 3294 1143 3373 accipiere

105 3380 183 3445 dum
202 3387 293 3460 patet
312 3399 350 3437 ex
369 3398 402 3438 v.
426 3373 519 3457 1029.
537 3373 690 3459 τραπέντα
710 3370 904 3458 ναύφρακτον
921 3374 995 3477 ἐρεῖς
1015 3362 1143 3453 dationi

103 3462 146 3522 At
164 3463 201 3524 id
223 3483 284 3522 nec
304 3483 341 3520 er
358 3460 431 3523 loco
449 3464 547 3522 citato
569 3470 667 3541 patet,
693 3482 754 3526 nec
775 3472 907 3547 propter
933 3452 1054 3542 απηὺρα
1071 3481 1142 3542 per·
1227 3486 1232 3505 ¹

103 3550 240 3607 missum
260 3555 318 3606 est.
495 3554 499 3560 “

187 3676 219 3715 ν.
241 3650 312 3713 885.
353 3652 454 3724 Mars,
475 3654 636 3730 quiante
662 3670 806 3733 pugnam
832 3652 1042 3713 Salaminiam
1067 3653 1142 3714 Per·

105 3741 149 3799 sis
170 3758 237 3797 sem
261 3759 296 3799 er
312 3735 450 3813 faverat,
472 3737 579 3797 subito
602 3736 713 3797 hostes
740 3736 872 3815 adiurit,
904 3743 1041 3801 maxima
1066 3759 1143 3803 cnm

107 3818 199 3882 clade
226 3759 402 3882 tzrsarum.
447 3820 496 3879 Ea
522 3820 636 3882 Martis
667 3825 885 3882 inconstantia
912 3825 1059 3905 innuitur
1089 3821 1142 3883 ad-
