2717 4600
432 191 774 277 ,···¹8i···

145 419 149 427 .
199 376 234 436 r.
250 367 323 434 384.
365 373 419 431 De
437 381 611 452 augmento
632 374 752 434 omisso
772 371 850 435 vido
872 388 957 450 quae
977 371 1018 449 ad
1038 393 1070 432 v.
1079 369 1152 433 281.

117 460 262 519 diximus.
284 457 490 515 Hermannus
511 450 635 515 παίοντ’
656 467 767 519 tuetur
784 457 895 536 regula
921 477 981 515 sua
998 455 1152 515 ¹confisus.

21 614 27 621 .
115 543 165 602 Cf.
187 540 289 601 Praef.
312 538 353 601 ad
373 540 486 620 Eurip.
499 539 641 600 Bacchas
659 561 692 621 p.
706 541 859 605 XXXIV.
877 540 1012 602 XXXV.
1033 549 1067 598 et
1084 539 1149 617 LV.

112 627 248 706 Egregia
282 636 391 684 autem
421 635 476 684 est
509 630 714 704 conjecturae
750 625 970 685 Porsonienae
1004 626 1152 703 rejectio:

111 711 199 788 „Qui
223 709 278 768 hio
302 709 454 768 oblatum
483 709 661 770 aPorsono
691 703 852 769 remotu'
884 705 1020 789 ἔθραυον
1041 710 1153 786 arripi·

112 805 182 863 unt,
209 797 352 873 cogitent
372 793 483 866 velim,
507 793 605 852 auid
625 798 736 874 potius
753 787 914 871 παιόμενον
943 790 1151 851 dici'debue·

108 881 163 938 rit.
208 878 305 958 Quod
323 878 401 936 libri
419 877 553 947 habent,
576 888 695 958 aptam,
715 899 855 958 gravem,
883 876 1061 936 masculam
1082 894 1152 934 ora·

107 967 237 1023 tionem
255 962 423 1043 praebet.“
453 961 549 1023 Conf.
575 972 743 1042 praeterea
761 962 872 1022 Herm.
894 956 997 1021 Praei.
1024 959 1065 1019 ad
1085 957 1152 1017 Eu·
1215 983 1218 987 ·
1268 1012 1275 1025 ,

108 1051 171 1127 rip.
199 1047 279 1107 Hec.
302 1066 333 1126 p.
354 1044 496 1109 XXXII.
519 1055 553 1105 et
574 1046 680 1106 Elem.
710 1043 809 1105 doctr.
826 1056 919 1110 metr.
937 1051 975 1127 p.
997 1041 1068 1103 121.

111 1166 116 1171 ’
192 1183 223 1235 r.
244 1156 317 1223 386.
362 1162 511 1229 Editores
537 1166 733 1222 recentiores
751 1160 922 1236 Porsonus,
951 1152 1152 1220 Blomfieldi·
1213 1160 1215 1167 '

108 1270 159 1318 us,
180 1247 323 1307 Rotheus
344 1241 381 1324 δὴ
409 1246 543 1305 Hoathii
564 1246 793 1306 emendatione
817 1249 933 1307 merito
959 1265 1030 1304 sese
1053 1243 1150 1303 absti·
1231 1310 1235 1318 .
1275 1246 1281 1257 '

108 1342 261 1391 nuerunt.
305 1332 454 1409 Namque
475 1323 510 1389 δὲ
531 1352 605 1390 oum
628 1331 669 1389 ab
693 1331 844 1391 omnibus
871 1328 1007 1390 offertur
1034 1347 1150 1387 monu-

108 1419 240 1485 mentis,
262 1406 331 1472 tum
355 1396 442 1493 quod
456 1434 587 1474 sensum
608 1419 726 1474 attinet
741 1416 827 1474 bene
848 1413 1010 1473 sehabet.
1042 1410 1149 1491 Inspi-

110 1504 177 1561 cias
199 1498 271 1578 Vig.
295 1518 327 1580 p.
350 1491 420 1561 544.
444 1510 477 1559 et
497 1499 677 1559 Hermanni
700 1509 811 1560 notam
831 1519 863 1580 p.
882 1490 956 1563 847.

192 1639 223 1678 v.
244 1613 316 1677 388.
357 1613 525 1689 Nauaron
553 1614 670 1677 saltem
694 1617 835 1677 scribere
864 1613 1005 1675 debebat
1029 1609 1149 1670 Schue-

108 1705 210 1771 taius,
250 1704 280 1761 si
303 1699 393 1766 huno
420 1704 602 1782 genitivum
629 1722 648 1760 a
675 1699 807 1773 ναυαγία
828 1699 961 1760 volebat
990 1694 1146 1756 derivare.

109 1785 207 1866 Quod
225 1796 337 1845 tamen
359 1806 427 1859 non
455 1806 536 1869 opus
563 1796 622 1847 est.
665 1785 749 1847 Nam
768 1775 899 1862 ναυάγια
924 1791 1002 1843 sunt
1025 1779 1148 1839 fractae

107 1875 241 1932 navium
268 1869 409 1937 tabulae.

188 2008 220 2050 v.
243 1983 315 2047 392.
356 1985 573 2067 Thynnorum
595 1997 760 2068 capturam
782 1996 931 2045 accurate
947 1991 1063 2044 erett.
1080 2001 1147 2038 mo·

106 2076 273 2132 numantia
304 2071 474 2151 descripsit
501 2070 622 2141 clariss.
656 2073 827 2150 Boettiger.
858 2066 1049 2127 Amaltheae
1078 2063 1147 2125 voi.

104 2157 150 2215 II.
176 2178 207 2238 p.
225 2154 298 2216 302.
321 2174 402 2231 seq.‚
432 2174 518 2232 quae
540 2153 626 2223 lecta
646 2152 786 2211 multum
804 2153 887 2211 lucis
903 2149 1067 2226 Aeschylo
1099 2146 1147 2205 af-

104 2240 261 2309 fundunt,
290 2248 323 2296 et
342 2237 447 2306 multo
475 2240 576 2316 magis
595 2236 808 2295 illustrationi
834 2228 931 2294 huius
957 2235 1024 2292 loci
1044 2235 1145 2289 inser-

105 2328 211 2397 viunt,
233 2344 332 2401 quam
345 2337 430 2399 quae
447 2319 674 2380 Blomfioldius
688 2324 723 2378 in
740 2319 903 2380 Glossario
925 2320 1148 2398 congessit-
1203 2321 1214 2334 “’

102 2410 157 2468 De
178 2408 285 2467 forma
311 2405 369 2479 τοί,
399 2426 498 2484 quam
528 2407 659 2483 injuria'
676 2403 750 2464 loco
780 2408 884 2465 morit
909 2399 1145 2472 Blomfieldius,

103 2492 182 2555 vide
204 2488 437 2550 Schneiderum
454 2489 507 2548 De
528 2486 605 2547 dial.
627 2485 724 2569 Soph.
741 2509 775 2568 p.
796 2485 848 2549 25.

110 2639 114 2646 ’
186 2628 218 2670 v.
242 2604 316 2668 393.
356 2606 403 2664 *In
434 2604 525 2665 codd.
554 2604 661 2682 Mosq.
688 2604 754 2665 Vit.
781 2606 829 2666 L.
853 2605 946 2665 Cant.
969 2602 1001 2664 2.
1032 2610 1066 2661 et
1092 2598 1143 2659 ed.

100 2694 187 2754 Rob.
206 2686 365 2772 θραύμασί
389 2683 432 2764 τ’,
454 2694 491 2748 in
511 2683 598 2748 Med.
621 2699 655 2747 et
681 2688 790 2749 Gueli.
813 2683 987 2772 θραύμασζν
1004 2679 1034 2744 τ’
1053 2688 1146 2744 inre·

102 2783 203 2840 nitur.
243 2778 351 2836 Ceteri
369 2774 448 2833 libri
468 2794 544 2832 oum
565 2771 674 2846 Schol.
697 2773 855 2833 ambobus
877 2773 933 2834 vel
951 2762 1146 2850 θραύσμασίν
1170 2788 1172 2792 ·

101 2858 136 2921 τ’
159 2860 214 2921 'vel
232 2851 409 2937 θραύσμασί
426 2848 458 2916 τ’
478 2857 630 2938 produnt.
672 2856 756 2916 Inda
778 2867 887 2918 utrum
899 2848 1092 2936 θραύσμασὶν
1111 2848 1143 2907 τί

102 2967 150 3006 an
166 2936 340 3024 θραύμασίν
357 2936 388 3001 τ’
414 2940 670 3022 praeoptandam
696 2941 818 3021 litigari
844 2951 964 3021 posset,
993 2941 1058 2996 nisi
1087 2951 1145 2992 no·

101 3033 156 3091 bis
180 3027 377 3107 exploratum
396 3036 491 3094 esset,
520 3029 721 3101 antiquiores
745 3026 885 3085 Graecos
904 3044 924 3083 o
946 3022 1144 3086 adhibuisse,

21 3154 25 3157 <
98 3114 300 3175 recentiores
321 3112 467 3168 omisisse
486 3112 523 3166 in
538 3110 660 3167 talibus
681 3110 827 3169 vocibus.
870 3108 992 3168 Similis
1019 3116 1069 3164 est
1098 3103 1146 3160 le-

102 3200 225 3258 ctionis
250 3198 389 3256 varietas
417 3197 454 3250 in
480 3213 511 3254 v.
533 3188 606 3254 365.
635 3191 694 3251 ubi
722 3192 833 3254 videas
860 3189 1058 3253 BIomfieldii
1085 3206 1143 3245 no·

101 3293 184 3353 tarn,
205 3290 239 3339 et
256 3299 288 3340 v.
311 3273 383 3338 660.

188 3419 220 3460 v.
243 3391 317 3457 396.
357 3394 399 3471 In
427 3390 489 3453 boc
516 3391 591 3452 loco
621 3359 824 3454 emendando
847 3405 881 3455 et
899 3389 1143 3472 interpretando

99 3481 203 3547 valde
223 3480 395 3541 haesitavit
410 3476 646 3537 Blomfieldius.
683 3479 915 3549 „Hic-versus,
938 3479 1060 3554 inquit,
1081 3475 1143 3533 etsi

99 3565 366 3633 tacentmedici,
391 3562 504 3621 morbo
529 3561 691 3621 laborate
711 3562 877 3641 Quidnam
905 3570 980 3641 post
1004 3552 1141 3634 ἀφείλετο

101 3649 365 3711 subaudiendum
384 3650 439 3716 sit,
457 3649 594 3705 minime
615 3644 722 3719 video,
746 3667 806 3706 nec
825 3649 926 3726 magis
946 3644 1053 3714 video,
1073 3664 1140 3721 quo
1261 3720 1267 3731 β

101 3746 200 3816 pecto
227 3736 340 3794 Noctis
358 3728 473 3789 oculus
500 3723 702 3810 ἀφαιρεῖσθαί
726 3746 756 3787 τι
777 3729 912 3791 dicatur.
955 3726 1041 3788 Mihi
1069 3731 1142 3804 qui.-

102 3818 180 3877 dom
199 3840 267 3878 non
283 3822 358 3877 sine
380 3813 522 3892 quadam
549 3817 695 3874 veritatis
719 3819 828 3893 specie
851 3815 1009 3893 corrigere
1028 3811 1142 3873 videor

101 3898 257 3979 ἀφίκετο.“
298 3901 340 3961 In
358 3895 524 3961 Addeudis
544 3908 652 3960 autem
673 3902 711 3959 in
726 3897 811 3961 hanc
827 3901 1023 3961 sententiam
1046 3896 1141 3957 deve·
