2717 4600
443 209 521 266 1-
571 191 641 258 205
691 206 740 222 -

88 362 156 428 soil.
187 365 255 424 nisi
279 382 339 445 per
365 364 467 435 iones
495 364 635 430 assultus
668 362 747 424 facti
776 370 885 422 essent
919 362 1125 434 internecini,

89 469 155 508 non
175 446 392 528 perdidissent
410 471 518 511 naves.
560 451 759 530 Praepositio
779 440 829 504 διὰ
849 468 922 505 cum
942 449 1136 507 accusativo«

87 536 191 614 posite
212 530 272 589 hac
293 532 536 615 significatione
556 554 624 593 nen
646 532 796 612 offendit,
818 529 857 589 de
877 549 951 608 qua·
965 552 995 590 v.
1016 529 1124 592 Schol.

87 614 245 695 Aristoph.
273 616 359 678 Plut.
380 614 447 679 93..
464 629 497 678 et
523 638 608 696 quae
635 621 764 676 monuit
791 615 963 694 Pinzgerus
992 614 1031 673 ad
1062 615 1126 692 Ly·

88 704 175 779 curgi
195 722 222 759 c.
246 696 295 760 19.
317 695 432 782 p.2ii.
477 704 621 762 Tantum
641 721 719 762 vero
742 701 842 772 abest,
863 710 899 760 ut
922 695 1126 758 offendamur

87 804 135 853 eo,
158 780 248 861 quod
265 784 416 865 periodus
436 797 578 866 systema
597 797 697 855 exeat,
725 796 762 843 ut
790 782 825 842 id
844 781 884 842 de
910 781 1069 844 industria
1092 792 1126 841 et
1152 833 1157 846 ,

86 867 138 932 hic
168 878 201 927 et
229 870 267 927 in
294 870 428 948 stropha
452 870 577 930 factum
605 890 675 930 essa
702 867 945 930 contendemus.
987 866 1126 946 Egregie

87 951 126 1012 de
155 972 194 1010 ea
218 972 255 1012 re
282 951 460 1034 disputavit
487 955 691 1014 Hermannus
719 957 755 1012 in
776 951 881 1010 Elem.
912 951 1010 1010 doctr.
1031 962 1124 1012 metr.

85 1041 116 1117 p:
136 1031 208 1101 702.
236 1046 270 1096 et
295 1041 332 1095 in
350 1035 438 1118 Epit.
463 1037 563 1100 doctr.
589 1048 683 1101 metr.
712 1058 744 1115 p.
768 1029 841 1094 243.
893 1033 1054 1095 Postremo
1077 1057 1127 1095 se·

86 1124 216 1197 quentis
237 1140 268 1180 v.
285 1116 386 1179 τυτθὰ
407 1114 438 1179 δ’
458 1132 581 1191 monet,
605 1142 647 1180 ne
665 1141 764 1180 voces
781 1113 831 1177 διὰ
855 1111 886 1176 δ’
906 1112 938 1178 Ἰ.
959 1138 984 1197 χ.
1006 1121 1047 1177 ab
1070 1140 1127 1178 an·

86 1203 309 1264 tecedentibus
328 1215 548 1264 secernantur.
591 1206 709 1282 Itaque
730 1208 829 1264 etiam
849 1206 885 1261 in
903 1200 1033 1283 stropha
1055 1203 1127 1263 vul·

87 1299 202 1367 getam,
225 1308 291 1365 qua
321 1309 435 1347 sensus
458 1294 580 1369 optime
608 1293 804 1370 exprimitur,
828 1290 1126 1368 interpunctionem
1173 1346 1180 1359 .

86 1375 273 1432 retinemus.
317 1371 380 1432 Sed
399 1393 466 1433 non
495 1384 544 1431 est
570 1373 702 1433 silentio
730 1372 1012 1453 praetereundum,
1038 1376 1126 1432 etin

88 1454 218 1534 stropha
238 1465 271 1514 et
290 1458 327 1514 in
348 1455 549 1537 antistropha
569 1460 752 1517 membrum
770 1457 897 1536 periodi
928 1467 1127 1535 cum-syste-

88 1549 173 1597 mate
195 1537 293 1612 finiri,
314 1561 414 1618 quare
433 1553 508 1620 post
526 1534 700 1623 δυσφρόνως
718 1560 822 1624 aeque
843 1561 879 1600 ac
895 1551 970 1624 post
987 1535 1127 1621 ἐμβολαῖς

89 1642 213 1682 comma
238 1627 415 1703 posuimus.

65 1821 66 1824 Ἴ
170 1761 200 1801 r.
221 1735 293 1801 531.
334 1741 518 1803 Pauwioet
537 1745 699 1804 Bruncirio
719 1741 856 1802 debetur
872 1739 976 1803 τυτθοδ
992 1737 1034 1817 γ’.
1060 1742 1128 1804 Alii

89 1824 168 1882 elias
189 1825 432 1886 emendationes
454 1833 681 1908 excogitarunt.
727 1828 769 1886 ln
790 1827 947 1903 librorum
969 1834 1128 1910 scripture

86 1917 136 1965 est
155 1911 436 1986 acquiescendum.
482 1912 565 1973 Vide
584 1911 716 1972 Lachm.
736 1913 788 1970 De
809 1912 896 1976 chor.
916 1917 995 1992 syst.¹
1017 1933 1049 1994 p.
1073 1907 1124 1977 11.

87 2001 120 2050 et
147 1992 335 2054 Heathinm'.
390 1996 561 2056 Caeterum
587 1993 689 2055 τυτθὰ
718 1996 805 2054 idern
835 2008 885 2056 est
910 2008 1008 2076 atque
1034 1993 1127 2077 μόλις,

86 2075 174 2154 quod
192 2075 312 2136 frustra
333 2084 464 2157 negavit
482 2080 644 2159 Reisigius
667 2081 690 2137 L
713 2100 741 2138 c.

164 2169 219 2240 Ὡς
252 2173 460 2234 scribendum
492 2175 637 2235 confusis
673 2173 797 2234 duabus
832 2182 1143 2240 constructionibue··

85 2275 130 2314 sc.
144 2248 251 2315 ἄνακτ’
274 2253 409 2332 ἐκφυγεῖν
429 2252 583 2336 ἀκούομεν,
604 2270 637 2320 et
657 2252 732 2329 ἄναξ
753 2256 891 2336 ἐξέφυγεν
909 2257 950 2332 ὥς
971 2257 1127 2343 ἀκούομεν.

85 2339 150 2482 gefb
153 2340 302 2495 {1¹1}ssth
323 2362 418 2401 usum
439 2364 471 2406 v.
496 2341 567 2409 160.
587 2355 620 2404 et
651 2353 762 2402 notam
790 2356 941 2408 nostram.
986 2348 1127 2411 Heathio

170 2563 201 2604 v.
224 2537 296 2604 532.
341 2543 423 2605 Cum
444 2544 656 2608 Lachmanno
674 2544 698 2606 l.
718 2568 749 2613 ο.
771 2541 813 2625 ἄμ
834 2540 981 2632 πεδιήρεις
1000 2556 1128 2636 scripsi-

83 2646 157 2684 mus

168 2694 200 2784 r.
220 2719 291 2785 533
334 2726 417 2786 Cum
436 2708 657 2800 Blomfieldio,
681 2692 825 2791 Arneido
855 2742 889 2792 et
915 2731 1126 2799 Lachmanno

82 2806 107 2867 1.
124 2828 152 2867 c.
174 2801 331 2886 δυσχίμους
349 2816 550 2874 correximus.
594 2812 635 2873 In
657 2813 791 2895 stropha
810 2825 861 2875 est
880 2813 1042 2889 Σουσίδος.

305 2939 440 3022 Stropha
470 2955 503 3002 et
525 2945 727 3028 antistropha
748 2946 901 3010 secunda.

397 3051 408 3086 Ι
936 3042 939 3053 ,
