2717 4600
598 180 866 245 ...94-

207 369 212 381 “
294 372 324 411 τ.
345 346 417 411 985.
458 344 510 410 καί
528 342 588 431 βόα
615 349 822 411 scribendum
849 362 984 412 censent
1009 350 1118 410 Herm.
1141 350 1246 412 Elem.

211 432 310 494 doctr.
331 446 425 502 metr.
443 455 476 516 p.
500 433 569 502 123.
591 425 797 506 etButlerus,
819 435 908 512 quod
925 437 1031 515 ipsum
1041 434 1250 496 Eustathium

188 518 253 578 ¹ad
279 520 416 597 Dionys.
447 519 567 599 Perieg.
596 540 628 580 v.
651 515 722 584 791.
757 518 878 578 habero
915 517 996 580 dicit
1017 518 1250 578 Blomfieldius.

209 600 256 662 At
283 603 342 662 ille
369 602 455 661 nihil
483 607 548 662 nisi
573 597 633 683 βόα
657 598 695 660 τὸ
721 596 858 661 Μύσιον·
881 624 918 662 er
941 600 1100 680 Aeschylo
1128 601 1253 681 profert

210 705 278 744 non
304 685 428 745 adiecto
457 686 515 745 καί.
557 687 719 746 Porsonus
747 690 785 745 in
810 683 895 746 Add.
927 684 968 744 ad
986 685 1098 766 Eurip.
1119 685 1197 750 Hoc.
1218 707 1251 767 p.

209 767 261 833 80.
283 763 393 848 ἕπιβόα
411 773 578 850 proponit,
602 792 687 850 quae
708 774 894 846 coniectura
923 773 1020 827 nimis
1044 769 1140 848 longe
1164 771 1264 829 rece·¹

210 853 259 914 dit
282 874 301 912 a
318 855 477 913 librorum
495 858 662 934 scriptura.
706 855 866 913 Burneius
885 865 919 913 et
937 852 1161 913 Blomfieldius
1179 854 1254 915 vul·

119 943 125 958 '
209 947 316 1017 getam
344 941 390 996 ita
413 943 499 996 tueri
526 949 694 1010 conantur,
722 949 760 997 ut
784 941 895 998 versui
925 940 1169 1017 antispasticum
1192 958 1253 996 nu·

209 1042 336 1081 merum
359 1022 546 1100 praebeant.
586 1023 686 1080 Cuius
709 1026 835 1102 generis
860 1022 915 1080 hic
942 1024 1168 1102 antispasticus
1191 1042 1253 1080 nu·

210 1124 319 1163 merus
340 1109 391 1177 sit,
419 1110 502 1165 sciro
530 1106 675 1166 velimus.
716 1107 886 1167 Passovius
911 1125 970 1186 per
995 1108 1159 1185 synizerin
1182 1123 1253 1166 ver·

196 1208 284 1247 >sum
310 1188 375 1268 legi
401 1190 509 1269 jubet,
552 1191 610 1249 sed
643 1190 762 1250 desunt
786 1190 930 1269 exempla
958 1191 1028 1249 eius
1055 1193 1250 1267 synizcseos.

210 1270 281 1331 Nos
311 1293 385 1330 cum
414 1273 624 1334 Lachmanno
650 1276 701 1334 Da
728 1274 815 1334 chor.
847 1283 923 1352 syst.
958 1295 991 1353 p.
1016 1270 1087 1333 104.
1115 1294 1254 1355 anapae-

210 1365 297 1415 stum
324 1359 360 1414 in
388 1354 503 1417 melico
536 1363 682 1417 trimetro
711 1359 921 1418 admittimus.
953 1356 1005 1417 Cf.
1036 1369 1133 1418 notaa
1158 1358 1252 1419 adv.

212 1435 284 1499 526.
316 1436 389 1499 969.
427 1438 457 1498 A
484 1440 617 1521 vulgata
650 1464 781 1501 omnem
813 1440 1075 1502 emendationem
1106 1437 1254 1501 defendi·

211 1544 301 1596 mus,
338 1544 536 1603 quamquam
570 1527 609 1586 de
641 1547 679 1586 ea
709 1526 858 1588 videmus
888 1526 1134 1586 Meletematum
1163 1525 1251 1583 Pass.

213 1606 388 1666 Censorem
410 1612 447 1667 in
465 1607 601 1690 Ephem.
624 1610 713 1691 Lips.
735 1608 825 1669 1818.
849 1632 892 1669 m.
913 1607 985 1668 Oct.
1009 1629 1041 1690 p.
1065 1605 1158 1667 2118.
1184 1628 1254 1687 gra·

211 1693 296 1751 viter
319 1694 523 1753 irascentem.
570 1696 644 1753 Imo
660 1715 849 1776 persuasum
877 1694 971 1752 nobis
998 1691 1255 1765 hebemus,¹Eu·

213 1773 369 1833 stathium
389 1797 484 1835 suum
504 1770 564 1858 βόα
586 1798 654 1838 non
675 1800 712 1837 ex
732 1778 818 1838 libro
840 1778 960 1854 aliquo,
990 1777 1048 1836 sed
1076 1797 1113 1835 ox
1133 1795 1255 1848 marno-

212 1862 263 1919 lia
289 1880 347 1920 sua
375 1858 596 1924 hausisse.,-
623 1859 729 1920 Schol.
753 1857 791 1917 A.
818 1853 953 1937 κάπιβόα
983 1855 1023 1920 τὸ,
1052 1855 1193 1937 Μύσιον]
1223 1854 1256 1917 οἱ

212 1937 272 2022 γὰρ
293 1939 475 2003 Marciani
494 1941 525 2003 oi
541 1936 655 2023 Φρύγες
673 1936 802 2020 μάλιστα
818 1938 876 2000 εἰσί
895 1932 1080 2019 θρήνιγτικοί.
1101 1941 1252 2001 Eustath.

212 2025 238 2087 l.
259 2047 287 2086 c.
309 2030 353 2106 θρ
391 2023 486 2104 ητιιιοί
504 2021 537 2086 δὲ
559 2023 611 2086 καί
633 2024 664 2085 οἱ
679 2027 795 2106 -Κᾶρες,
817 2019 876 2101 ἀφ’
897 2014 939 2082 ὧν
959 2019 1012 2083 riui
1029 2022 1152 2165 Καρικὰ
1172 2029 1256 2105 tipp-
1346 2061 1347 2066 ,

141 2153 144 2162 ,
212 2103 293 2186 νώδχ
314 2047 487 2188 αιίλλματα.
511 2112 650 2176 τοιοῦτον
678 2103 712 2169 δὲ
740 2103 795 2170 καί
814 2106 846 2168 oi
868 2100 994 2189 Φρύγες,
1022 2103 1066 2164 ἔτι
1104 2101 1118 2165 ὲ
1143 2105 1195 2167 καὶ
1222 2105 1256 2168 οἱ

212 2194 331 2254 Μυσοί.
364 2190 412 2254 διὸ
437 2191 489 2255 καί
520 2189 670 2274 Αἰσχύλος
706 2191 795 2274 φησί,
830 2184 890 2275 βόα
913 2186 950 2251 τὸ
988 2183 1129 2268 Μύσιον,
1163 2187 1257 2271 ἤγουν
1346 2209 1347 2266 3

213 2272 326 2359 θρήνει.

298 2432 331 2476 v.
350 2408 422 2473 986.
462 2414 512 2475 Ex
534 2414 647 2474 multis
675 2413 769 2472 libris
791 2406 861 2471 ἄνια
882 2422 932 2469 ter
954 2411 1150 2488 scripsimus.
1186 2409 1258 2468 Eii-

216 2496 324 2555 siones
356 2497 532 2557 adhibuere
562 2497 746 2557 Blomfield.
774 2497 874 2555 Burn.
903 2493 989 2553 Butl.
1024 2493 1099 2561 alii,
1137 2494 1258 2570 quibus
1345 2560 1346 2583 ρ

216 2598 284 2637 non
304 2599 384 2660 opus
406 2592 464 2650 est,
487 2587 642 2659 quoniam
667 2581 747 2640 illae
765 2601 860 2639 voces
885 2598 944 2658 pro
973 2579 1257 2635 interiectionibus

214 2682 274 2722 seu
300 2663 588 2724 exclamationibus
614 2675 699 2735 sunt,
736 2673 769 2721 et
795 2658 964 2741 propterea
992 2658 1101 2717 hiatus
1133 2659 1259 2720 habent

215 2746 394 2806 licentiam.
423 2748 517 2809 Conf.
546 2759 657 2809 notam
687 2747 727 2805 ad
748 2766 779 2806 v.
800 2741 873 2804 615.
910 2743 969 2802 ubi
993 2735 1089 2823 βαλὴν
1114 2737 1162 2801 ἴθι
1188 2743 1257 2803 ἵκου

217 2828 414 2892 defenditur.
1208 2852 1215 2877 ι

300 2978 330 3018 v.
348 2954 420 3023 981.
464 2960 569 3020 Schol.
587 2958 624 3020 A.
649 2960 701 3019 καί
719 2980 771 3037 μοι
788 2954 916 3040 γενείου]
941 2951 1071 3035 ληπτέον
1090 2953 1204 3030 ἔξωθεν
1220 2955 1257 3018 τὸ

217 3033 309 3100 ιιόπτε
327 3038 346 3117 ἢ
362 3034 448 3101 τίλλε.
468 3040 562 3120 ἤγουν
579 3039 658 3103 τίλλε
687 3041 740 3102 καί
764 3039 819 3122 τὴν
844 3036 972 3121 λευκήρη
1000 3038 1052 3099 κα1
1072 3037 1259 3122 πεπολιωμέ-
1279 3090 1286 3095 .

218 3143 271 3203 νην
288 3121 340 3184 καί
358 3121 485 3205 γηραιὰν
495 3127 583 3207 τρίχα
600 3127 657 3186 τοῦ
675 3129 735 3187 σοῦ
759 3128 871 3201 γενείου
899 3120 946 3184 δι’
965 3121 1036 3203 ἐμὴν
1060 3119 1154 3207 χάριν.
1185 3124 1258 3187 ’Ἀλ-

219 3212 286 3281 λως.
316 3205 438 3290 Πέρθε·
457 3208 488 3269 oi
507 3206 540 3270 δὲ
560 3205 725 3293 γράφοντες
747 3205 860 3294 ίίπερθε
879 3204 1008 3289 ἀμαθεῖς
1023 3212 1081 3268 τοῦ
1099 3213 1217 3293 μετροῦ.

302 3363 332 3402 v.
352 3339 424 3402 988.
466 3342 571 3405 schol.
593 3341 632 3404 A.
659 3339 678 3403 ὃ
696 3336 795 3423 χορός,
815 3340 951 3412 είποντος
971 3342 1029 3401 τοῦ
1046 3338 1159 3423 Ξέρξου
1179 3337 1258 3403 τίλλε

220 3420 276 3503 τὴν
294 3422 349 3503 σὴν
365 3420 510 3503 γενειάδα,
533 3427 631 3505 (μησίν,
655 3424 751 3506 ἀπρὶξ
776 3423 829 3487 καί
854 3423 897 3488 δι’
921 3422 1005 3502 ὅλου,
1031 3420 1113 3505 μάλα
1141 3421 1257 3502 γόεδνα,

221 3504 274 3567 καὶ
294 3502 361 3568 λίαν
383 3504 522 3593 λυπηρῶς
541 3507 593 3570 καί
617 3513 729 3591 γοερῶς
756 3504 848 3571 τίλλω
875 3507 933 3581 τὰς
951 3511 1052 3592 τρίχας
1071 3512 1130 3571 τοῦ
1146 3511 1258 3584 γενείου

222 3593 289 3670 μοῦ.
319 3590 406 3652 Ἔστι
423 3589 456 3653 δὲ
476 3591 513 3653 τὸ
532 3591 658 3675 ἄπριγδ’
679 3590 811 3673 ἄπριγδα
826 3590 1002 3673 ἐπιφώνημα
1019 3590 1071 3654 καί
1089 3593 1259 3677 ἐπίφθεγμα

223 3668 275 3732 ἐπί
294 3677 355 3735 τῶν
373 3673 446 3751 μετὰ
467 3674 674 3758 σφοδρότητος
693 3673 854 3740 τιλλόντων
874 3674 928 3750 τὰς
949 3679 1057 3759 τρίχας.
1097 3675 1182 3739 ’Arri
1201 3681 1260 3740 rori

221 3755 435 3834 ἐπιτεταμένως
457 3759 509 3820 καί
535 3758 626 3838 ἀπρὶξ
644 3761 695 3825 καὶ
720 3757 787 3825 οἷον
809 3761 943 3843 ἒμμανιός
967 3757 1058 3823 τίλλω
1076 3759 1131 3833 τὰς
1149 3765 1260 3847 τρίχας.

226 3840 275 3901 cf.
307 3842 547 3905 Blomfieldium
576 3846 616 3907 ad
641 3847 674 3909 h.
704 3848 725 3908 l.
754 3881 795 3895 -·
834 3847 940 3909 Schol.
971 3845 1009 3910 A.
1039 3841 1160 3929 γὸεδνα]
1192 3842 1262 3927 iiio}
