2717 4600
503 168 772 231 *9991-

113 338 263 400 Stanleio
287 347 320 398 et
341 338 414 398 aliis
439 338 546 399 Chore
572 341 843 398 tontinuavimus.
888 336 1022 397 Sensus:
1048 337 1160 418 „Quid

112 425 181 484 hoe
204 433 263 492 est,
283 421 372 499 quod
389 433 552 483 servatum
574 442 645 481 esse
664 421 788 480 dicis?“
825 422 944 482 Versus
973 433 1022 481 est
1041 423 1159 500 Glyco·

113 529 200 568 neus
224 507 356 566 alterius
381 510 517 587 generis.
561 506 614 566 De
638 505 801 564 solutione
827 505 904 565 vide
923 505 1032 566 Herm.
1051 506 1157 567 Elem.

114 593 219 653 doctr.
241 600 334 651 metr.
357 612 390 671 p.
413 582 486 651 546.
506 590 594 672 Epit.
618 589 717 650 doctr.
738 600 831 649 metr.
862 608 893 668 p.
915 586 986 651 193.

201 736 234 777 v.
259 710 333 775 955.
376 713 424 775 Ex
458 718 557 777 variis
591 715 790 777 lectionibus
825 713 974 773 codicum
1008 716 1097 775 Med.
1120 717 1158 777 Β.

16 842 17 881 ;
116 801 215 861 Cant.
238 797 268 858 1.
292 797 538 861 reformavimus
551 791 703 881 βελέεσσιν,
725 797 760 858 id
781 797 870 877 quod
890 801 1074 859 conlectura
1092 806 1159 882 jam

118 894 287 945 assecutus
309 893 359 943 est
379 883 596 944 Hermannus.

203 1031 235 1074 v.
253 1004 324 1069 956.
367 1007 474 1071 Schol.
496 1006 538 1068 A:
561 1005 628 1087 ἤτοι
647 1004 687 1067 τὰ
701 1004 816 1067 έσωόεν
836 999 1056 1089 ἕγιιειιρυμμένα,
1073 999 1161 1081 diva

115 1088 192 1152 εἰσίν
219 1087 259 1163 οός
278 1088 344 1151 αἰτό
365 1088 480 1172 πολλῆς
503 1085 681 1163 πανοπλίας.
723 1087 790 1150 Καί
814 1082 878 1150 εἶθ’
906 1090 1003 1161 οὕτως
1032 1088 1160 1175 ἐπιφέρει
1210 1119 1216 1130 ·

118 1173 157 1237 τό
178 1173 253 1253 ἑξῆς,
273 1171 451 1259 ὀδυρόμενος
474 1173 525 1238 καὶ
545 1172 648 1253 λέγων,
669 1172 710 1249 ὡς
732 1170 794 1235 ἀπὸ
817 1169 938 1237 πολλῶν
958 1172 1162 1257 έσπανίσμεόα

120 1260 278 1343 βοηθειῶν.

203 1399 235 1440 v.
258 1374 332 1445 957.
374 1375 615 1440 Blomfieldius=
643 1371 850 1454 ,,σποινίζομαι
883 1375 1049 1437 Destituor.
1085 1379 1160 1441 vid.

122 1483 219 1542 supra
233 1455 307 1524 495.
321 1456 423 1541 (458).
464 1460 579 1524 Activa
593 1482 654 1524 vox
675 1460 814 1521 eundem
831 1464 899 1522 vim
910 1460 1162 1559 habetChoeph.

121 1541 196 1612 715.
220 1543 323 1626 (712.)
344 1543 380 1606 οὐ
401 1542 589 1616 σπανίζοντες
610 1538 725 1620 φίλωνς
746 1542 894 1622 Thucyd.
908 1545 965 1606 IV.
985 1541 1015 1604 6.
1038 1542 1164 1606 ε’σπανι-

123 1625 175 1701 ζον
195 1633 319 1711 τροφῆς.
353 1643 386 1691 et
411 1635 458 1689 sic
486 1634 613 1711 saepius
642 1627 729 1709 apud
749 1628 950 1709 Euripidem.
994 1628 1056 1689 sed
1074 1635 1164 1690 simi·

16 1786 17 1791 ρ
122 1714 164 1773 lis
194 1736 270 1774 usus
299 1720 337 1775 in
365 1716 469 1775 Orest.
493 1712 584 1775 1051.
617 1707 691 1796 ὁρᾷς
722 1705 754 1770 δὲ
784 1706 821 1789 όίγ
852 1706 947 1788 φιλων
973 1707 1014 1783 ὡς
1042 1710 1164 1775 ἐσπανί-

123 1793 248 1877 σμεθ’“.

208 1937 239 1978 ν.
263 1913 336 1979 958.
388 1915 540 1980 Pessovio
582 1914 818 1995 adstipulamur
852 1907 958 1973 Ἰάνων
996 1917 1162 1980 scribenti.

16 2022 17 2039 ι
123 2000 241 2059 Forma
267 2004 425 2076 exquisita
451 2013 485 2059 et
516 2002 645 2075 elegans
670 1999 749 2054 huic
775 1997 847 2055 loco
878 2002 979 2075 magis
1001 2006 1164 2076 convenit,

124 2101 226 2156 quam
251 2082 432 2138 Hermanni
460 2080 643 2138 emendatio
672 2072 798 2151 Ἰώνων,
838 2088 937 2155 atque
965 2086 1104 2140 occurrit
1127 2105 1166 2144 ea

127 2163 225 2218 etiam
246 2181 276 2220 v.
297 2158 367 2219 883.
390 2149 461 2221 884.
507 2162 547 2219 In
567 2160 637 2219 fine
654 2181 766 2220 versus
790 2182 826 2220 ex
844 2163 995 2221 omnibus
1017 2164 1168 2227 editioni·

125 2244 206 2313 bus,
237 2243 356 2322 quibus
383 2264 451 2304 non
473 2245 683 2306 adversantur
711 2244 802 2304 MSS.
831 2249 1095 2324 interrogationis
1124 2255 1167 2312 si·

126 2348 228 2408 gnum
247 2332 479 2389 revocavimus.
524 2329 563 2387 ld
586 2332 729 2408 agnoscit
749 2332 847 2388 etiam
874 2330 980 2388 Schol.
1004 2329 1049 2389 A:
1076 2327 1169 2412 όχσ-

129 2407 183 2492 ρὸς
204 2408 430 2493 ἐρωτηματικιός
447 2409 521 2489 φησὶ
537 2407 614 2490 πρὸς
634 2407 689 2470 τὸν
708 2407 819 2489 Ξέρξην
837 2407 855 2470 ό
872 2405 946 2482 λαός
963 2415 1023 2473 τῶν
1044 2410 1169 2480 Ἰαόνων

127 2492 181 2555 καὶ
199 2498 260 2555 των
277 2490 452 2572 Ἀθηναίων
471 2492 508 2556 οὐ
528 2495 694 2574 φυγαίχμας
714 2491 809 2571 έστίνς
836 2491 873 2555 οὐ
902 2490 1018 2572 φεύγων
1044 2497 1098 2576 τὴν
1118 2502 1168 2561 αἰ-

127 2572 218 2661 γμήν;
238 2572 326 2639 τοῦτ’
342 2576 406 2640 ἔστι
419 2572 603 2659 πτοοόμενος
623 2574 676 2639 τόν
691 2572 829 2657 πόλεμον.
855 2574 891 2639 Ὁ
914 2575 946 2638 δὲ
960 2576 1072 2662 Ξέρξης
1094 2584 1170 2663 φησί.

129 2661 206 2746 πρὸς
226 2659 280 2725 τόν
301 2659 392 2745 χορὸν
411 2659 572 2747 ἀγανόριός
593 2661 670 2724 ἔστιν
695 2657 713 2720 ὁ
744 2656 819 2732 λαὸς
840 2663 901 2721 των
916 2657 1049 2740 Ἰαόνων,
1077 2664 1170 2744 ἤγουν

130 2744 308 2826 θαυμαστός
330 2744 468 2826 ὁρᾶσθαι
487 2746 539 2810 καὶ
556 2742 719 2828 ἐπιτήδειος
736 2745 777 2817 είς
797 2740 942 2828 ἀνδρείαν.
964 2744 1115 2812 Κατεῖόον
1136 2747 1171 2813 δὲ

130 2827 245 2915 βλάβην
265 2826 448 2894 ἀνέλπιστον.

214 2970 246 3011 v.
269 2946 341 3010 959.
384 2944 561 3033 ἀγανόρειος
585 2961 619 3011 et
643 2951 737 3009 libris
766 2952 896 3030 optimis
926 2959 959 3009 et
981 2961 1083 3012 metro
1104 2951 1170 3013 ful·

134 3038 225 3094 citur.
505 3068 510 3080 .

51 3224 58 3229 ,
147 3208 149 3215 .
216 3171 247 3213 v.
270 3147 343 3212 961.
384 3144 535 3231 ἅπέρρηξ’,
551 3151 712 3210 Brunckio
735 3148 880 3219 debetur,
906 3144 1044 3229 ἐπέρρηξ’
1071 3152 1173 3214 libro·

133 3255 203 3293 rum
233 3241 379 3294 omnium
408 3256 570 3294 consensu
601 3234 729 3315 gaudet.
777 3234 886 3294 Scholt
908 3230 944 3294 A.
975 3236 1032 3292 τοῦ
1057 3231 1172 3317 Ξέρξου

135 3312 277 3392 εἰπόντος,
304 3317 350 3377 ότι
373 3310 453 3378 εἶόον
478 3321 562 3395 πῆμα
588 3314 726 3393 ἄελπτον,
757 3315 831 3396 φησὶ
858 3311 934 3397 πρὸς
962 3313 1056 3378 αὐτόν
1082 3315 1173 3399 όχο-
1216 3376 1224 3391 ,

136 3396 198 3482 ρός,
218 3399 272 3461 τόν
293 3397 432 3462 ναυτικόν
452 3398 535 3480 ἡμῶν
555 3398 630 3462 λαόν
648 3399 703 3464 τόν
724 3398 894 3479 ἡττηθέντα
910 3398 1077 3483 παρὰτων
1092 3398 1174 3464 Ἰαό-

135 3505 193 3544 νων
218 3480 307 3558 λέγεις
336 3491 447 3544 παθεῖν
470 3489 555 3563 πῆμα
584 3480 715 3546 ἄελπτον
719 3509 731 3565 3
757 3481 795 3559 Ὁ
818 3480 852 3543 δέ
879 3504 952 3562 φησι
977 3483 1173 3565 unicultor,

137 3566 184 3628 ὅτι
204 3573 353 3630 τοσοῦτον
374 3565 457 3641 ἔδοξε
476 3573 569 3629 τοῦτο
595 3564 734 3649 χαλεπόν,
760 3566 837 3627 ιόστε
863 3565 915 3628 καὶ
941 3564 995 3629 τόν
1018 3566 1173 3650 ἱματισμόν

135 3673 193 3731 μου
215 3648 351 3733 διέρρφξα
371 3650 421 3712 ἐπὶ
439 3656 478 3743 τῇ
497 3657 643 3735 συμφορᾷ
662 3644 774 3713 τούτου
801 3654 859 3712 τοῦ
878 3654 982 3713 κανοῦ.
1015 3654 1120 3716 Τοῦτο
1140 3650 1173 3716 δὲ

136 3735 186 3797 καὶ
210 3731 226 3794 ὁ
249 3734 375 3812 ἅγγελος
396 3743 527 3818 προεῖπε.

219 3876 250 3917 v.
274 3853 348 3917 962.
389 3855 431 3915 In
451 3857 732 3918 interiectionibus
754 3859 876 3998 ίτοτμπὲ
895 3855 1071 3919 offenditur
1088 3877 1175 3919 sum·
