2717 4600
627 162 799 228 -aeo
848 189 896 208 ·-

246 351 512 450 interpunximus,
534 368 644 430 neque
662 357 736 429 post
753 339 902 424 ἐδεξάμην.
941 345 1031 408 Haec
1054 350 1166 410 omnia
1191 350 1287 408 enim

246 454 265 491 a
287 452 375 493 στενει
396 454 500 512 usque
522 434 563 493 ad
581 426 726 491 καλεῖσθέ
745 449 781 510 με
801 433 947 510 protasia
969 436 1172 496 corutituunt
1201 436 1288 501 eius,

246 537 331 594 quae
352 528 430 578 tunc
448 520 604 597 sequitur,
624 514 809 597 epodoseos.
831 506 963 574 λεύσσων
983 509 1088 596 duodo}
1111 520 1158 574 ita
1186 516 1287 575 intel·

245 599 411 681 ligandum
434 611 491 675 est,
519 621 556 659 ac
576 603 605 659 si
624 596 746 680 ταρβῶν
771 591 884 657 λεύσσω
911 597 1034 660 dictum
1062 609 1155 660 esset.
1193 596 1288 660 Aeri-

246 693 315 743 stus
343 677 484 762 ἐδεξάμην
508 683 642 758 indicat,
667 685 778 742 omnia
805 686 1001 764 praeseutia,
1028 704 1113 762 quae
1142 695 1224 743 sunt
1250 688 1295 741 in*

245 767 307 827 hac
326 771 448 850 protasi
466 788 524 848 pro
545 770 728 848 praeteritis
757 786 826 830 esse
855 766 1051 847 accipienda.
1095 767 1144 827 Eo
1173 778 1287 827 autem

245 852 383 912 consilio
411 854 592 932 praesentia
619 871 789 932 usurpasse
819 848 949 911 videtur
974 862 1089 932 poeta,
1122 860 1160 912 ut
1193 863 1288 912 metu

244 946 439 995 commotum
459 937 554 996 Darii
577 938 722 995 animum
751 935 930 1016 insigniret.

325 1081 358 1122 v.
379 1052 450 1121 610.
493 1059 553 1121 Pro
582 1061 748 1141 πρευμενεῖς
774 1057 964 1119 Sclruetetns
994 1068 1029 1119 et
1054 1059 1286 1127 Blemfieidius

244 1144 286 1204 ad
310 1166 341 1207 v.
362 1142 431 1205 192
459 1145 658 1217 dubitarunt,
690 1163 733 1202 an
760 1142 893 1206 alteram
921 1142 1097 1204 lectionem
1123 1142 1287 1226 πρευμενὴς

243 1231 434 1310 reciperent.
463 1226 508 1289 At
527 1248 637 1307 neque
655 1226 710 1285 hic
732 1225 857 1305 aliquid
874 1227 1075 1301 mutandum,
1098 1249 1210 1308 neque
1234 1235 1294 1289 su·'

243 1332 302 1393 pra
329 1333 360 1376 v.
383 1310 455 1373 192.
483 1322 517 1372 et
546 1334 578 1375 v.
606 1306 678 1377 573.
708 1310 866 1370 lectiones
896 1311 1064 1389 πρευμενῶς
1096 1323 1132 1372 et
1160 1309 1286 1391 εὐμενεῖς

243 1396 428 1457 tentandae.
455 1390 528 1475 χοαὶ
546 1398 710 1473 πρευμενεῖς
736 1404 814 1453 sunt
838 1394 1013 1454 libationes
1034 1399 1221 1476 mitigantes
1254 1411 1287 1459 et
1339 1435 1340 1472 ρ

241 1480 378 1539 Darium
396 1479 594 1548 benevolum⁴
610 1477 794 1548 reddentes,
804 1477 1043 1558 significatione
1056 1485 1172 1551 σοτίνσ,
1183 1503 1285 1563 quam
1339 1487 1340 1572 1

243 1567 366 1644 optime
383 1567 529 1645 percepit
549 1562 655 1627 Sobel.
673 1559 712 1626 A.
731 1556 923 1643 ίλαστηρίσυς
940 1565 1181 1644 interpretatus.

235 1687 238 1694 ’
325 1710 357 1751 v.
378 1682 449 1751 643.
491 1680 630 1748 καλεῖσίίε
656 1697 744 1748 recte
769 1689 892 1769 recepit
922 1686 1155 1751 Blomfieldiua.
1207 1689 1286 1751 Post

242 1766 472 1929 ppppprppemma
502 1771 691 1843 delevimus,
716 1768 843 1852 οἰκτραῖς
874 1775 964 1831 enim
992 1776 1135 1854 pertinet
1158 1771 1202 1834 ad
1231 1769 1285 1856 ὀρ-

326 1995 358 2035 v.
381 1965 454 2033 616.
498 1965 579 2049 ίίμως
606 1963 639 2029 δ’
657 1966 784 2048 ,ἐκείνοις
813 1964 1043 2042 ἐνδυναστεύσας
1066 1964 1137 2044 ἐγώ.
1180 1973 1280 2047 Multi

242 2068 320 2118 sunt
341 2056 381 2116 ad
402 2051 470 2120 h.l;
493 2054 676 2115 Brunckius
697 2053 971 2131 etBlomfieldius,
993 2067 1031 2117 ut
1049 2056 1276 2130 demonstrent,

241 2162 331 2222 reges
353 2140 439 2221 apud
457 2139 580 2200 inferos
602 2160 735 2220 quoque
756 2159 793 2198 ex
818 2150 965 2200 veterum
993 2144 1147 2222 opinione
1173 2144 1273 2220 impe·

242 2230 327 2285 rium
352 2228 389 2285 in
408 2234 607 2284 mortuorum
635 2222 807 2282 simulacra
832 2243 890 2284 seu
918 2227 1042 2284 animas
1066 2244 1218 2298 exercere,
1246 2236 1280 2283 et

242 2310 358 2391 magna
376 2312 412 2368 in
441 2309 596 2389 dignitate
624 2329 702 2367 esse.
745 2307 809 2374 Sed
834 2304 913 2368 haee
942 2308 1035 2369 nulla
1064 2315 1191 2369 ratione
1217 2308 1281 2367 huo

242 2398 417 2476 pertinent.
463 2391 549 2453 Nam
569 2390 632 2451 hoc
652 2391 725 2450 loco
747 2386 864 2461 ἐκείνοις
884 2397 1028 2473 pertinet
1049 2393 1089 2452 ad
1110 2386 1185 2462 τοὺς
1203 2389 1282 2451 κατὰ

241 2472 353 2557 χθονὸς
372 2468 473 2551 θεούς,
505 2475 545 2535 de
563 2475 681 2554 quibus
701 2474 753 2533 illi
773 2495 863 2555 reges
883 2480 1004 2535 mortui
1028 2474 1282 2556 haudquaquam

241 2563 415 2643 imperium
438 2578 582 2620 exercere
604 2558 827 2620 credebantur.
870 2559 1010 2618 Fallitur
1038 2563 1151 2639 ltaque
1183 2565 1281 2621 etiarn

240 2649 409 2725 interpres,
438 2652 585 2705 τουτουσί
618 2645 820 2723 „prinoipem
848 2642 1034 2703 interillos
1060 2644 1171 2705 locum
1198 2646 1283 2704 obti-

241 2735 358 2794 neus.“
400 2728 496 2789 Viam
520 2728 615 2805 quael
641 2725 682 2784 ad
710 2744 820 2785 veram
848 2726 1094 2808 explicationem
1122 2739 1283 2789 monstrat

236 2813 331 2874 locus
352 2813 446 2872 Xeno
469 2811 578 2870 hontle
598 2802 678 2867 Hist.
699 2828 743 2889 gr.
764 2808 838 2878 Vll,
861 2803 962 2882 1,12.
992 2806 1231 2892 προσπεσόντων
1252 2808 1282 2870 δ’

240 2891 324 2971 αὐτῷ
342 2896 402 2954 τῶν
422 2832 580 2974 βελτίστων
599 2888 633 2950 la
652 2889 707 2967 τῆς
726 2885 859 2970 Ἀχαίας,
879 2888 1078 2955 ἐνδυναστεύει
1104 2891 1123 2954 ὁ
1144 2890 1283 2974 Ἐπαμι-

239 2971 362 3053 νώνδας,
390 2972 465 3037 ὥστε
491 2973 532 3056 μὴ
557 2969 743 3051 φυγαδεῦσαι
768 2972 840 3046 τοὺς
866 2977 1054 3060 κρατίστους,
1080 2981 1139 3040 ubi
1161 2975 1283 3040 ἐνδυνα-

238 3054 348 3122 στεύων
369 3071 419 3120 est
434 3063 647 3130 „auctoritate
668 3079 727 3119 sua
744 3060 931 3142 perficere.“
972 3062 1096 3125 Eadem
1119 3075 1282 3145 potestate

242 3145 370 3207 dicitur
386 3137 655 3217 καταδυναστεύειν,
685 3142 761 3203 vide
798 3145 990 3229 Wesseling.
1017 3146 1058 3207 ad
1082 3148 1221 3210 Diodor.
1248 3171 1280 3230 p.

240 3225 314 3290 599.
332 3220 479 3306 ἐνισχύειν,
497 3225 630 3287 Diodor.
652 3225 746 3288 Xlll.
779 3224 849 3291 101.
890 3228 1079 3292 Adsentitur
1103 3232 1214 3294 Schol.
1237 3233 1281 3290 A:

237 3306 307 3391 ἢτοι
326 3308 402 3389 μέγα
426 3305 510 3386 κάγὼ
542 3305 678 3388 δυνηθεὶς
699 3305 786 3389 παρὰ
805 3316 870 3384 τοῖς
895 3308 978 3374 κάτω
1002 3319 1088 3385 θεοῖς
1113 3308 1167 3375 σία
1256 3338 1282 3372 ι-

239 3389 313 3470 λεύς,
336 3389 387 3454 καί
405 3388 483 3479 παρ’
503 3390 618 3455 ἐκείνων
637 3382 797 3471 τιμώμενος
819 3391 870 3456 καί
895 3393 936 3475 μὴ
962 3391 1149 3477 λογιζόμενος
1205 3420 1221 3470 ς
1249 3391 1282 3457 σί

239 3480 345 3549 κοννεῖς
368 3471 618 3557 ἀποθνήσκοντες,
645 3473 718 3554 ἥκω.
755 3476 864 3558 Quare
887 3478 949 3543 boc
975 3492 1085 3542 nostro
1107 3483 1180 3543 loeo
1210 3503 1281 3544 ver·

132 3584 135 3589 ·
238 3561 375 3624 tendum
394 3573 457 3623 esta
481 3561 727 3635 „Nihilominus
743 3570 853 3623 tamen
878 3569 1067 3626 auctoritate
1097 3587 1170 3625 mea
1192 3565 1281 3647 apud

241 3664 295 3706 eos
315 3646 448 3729 perfeci,
468 3656 506 3707 ut
524 3649 704 3708 venirem.“
745 3642 916 3708 Honorant
938 3652 1027 3709 enim
1039 3650 1187 3720 Darium,
1206 3660 1280 3709 tan·

239 3750 339 3809 qaam
359 3733 619 3812 potentissimum
640 3726 722 3788 olim
738 3747 845 3810 regem
866 3730 924 3791 Dii
942 3731 1129 3827 inferorum.

228 3956 240 3971 ..
322 3881 353 3922 ν.
375 3853 448 3927 611.
487 3860 563 3923 Non
584 3857 671 3943 apud
698 3879 792 3925 aenea
807 3836 939 3926 'Persas
960 3874 1091 3950 propter
1120 3864 1280 3948 temporis

1338 2215 1340 2286 1
