2717 4600
597 181 648 200 ..
692 164 770 235 ..4
817 183 867 200 ..

214 342 394 420 ¹sententiar
421 339 524 409 ‚‚Vae,
550 357 623 409 veo,
646 357 719 410 vae,
747 343 825 402 vae!
858 340 889 400 0
915 359 1111 422 magnopere
1137 341 1260 402 flebilis

214 427 328 504 amicis
341 425 483 484 mortue!
503 424 570 491 Dio
580 419 680 502 quam
694 426 738 485 ob
758 445 828 486 rem
842 424 973 484 domine
986 424 1118 486 domine
1131 419 1261 506 gemina

215 509 324 571 clades
344 511 402 584 (sc.
421 510 585 567 maritima
605 519 639 567 et
656 507 830 588 pedestris)
845 508 928 569 haec
950 510 1031 586 (i..e.
1051 521 1144 570 tanta
1158 511 1260 586 mala)

216 593 355 655 adducat
372 595 544 652 universae
562 602 639 652 tuae
652 591 877 676 huieterrae?
898 592 1010 673 Quare
1024 598 1183 675 perierint
1203 599 1261 654 tri·

213 699 319 740 remes
345 696 445 739 naves
474 677 661 737 nonaves?“
696 677 791 759 Quae
817 677 987 759 explicatio
1017 682 1082 739 nisi
1111 678 1261 739 fallimur

212 764 300 825 beno
321 763 466 822 concinit
486 781 561 820 cum
581 780 613 823 v.
634 756 707 824 595.
972 753 976 766 '

294 900 328 941 v.
350 872 421 938 636.
456 864 502 936 'n
522 872 617 937 πιστὰ
636 879 759 939 πιστῶν.
798 878 900 940 Recto
924 877 1150 942 Wunderlich.
1177 879 1257 942 Obs.

213 968 298 1026 critt.
319 967 357 1023 in
377 958 530 1042 Aeschyl.
553 983 586 1042 p.
611 956 681 1024 146.
704 959 901 1045 „geminatio
932 963 1076 1023 eiusdem
1102 966 1258 1044 adjectivi
1329 1021 1330 1026 ,

212 1071 271 1133 pro
299 1047 497 1128 superlativo
519 1050 598 1118 est‚“
626 1058 701 1128 epte
729 1070 804 1108 cum
835 1059 945 1108 nostro
978 1048 1051 1108 loco
1084 1050 1257 1109 conferens
1329 1097 1330 1116 .

167 1171 187 1184 -f
212 1132 311 1214 Soph.
340 1130 392 1189 El.
423 1124 494 1189 849.
524 1124 640 1189 δειλαία
668 1127 804 1192 δειλαίων
830 1135 934 1210 κυρεῖς.
981 1130 1072 1192 Adde
1103 1133 1185 1194 Oet.
1214 1134 1258 1195 R.
1329 1127 1330 1182 ἶ

212 1211 286 1279 465.
309 1207 423 1296 rippa?
445 1208 594 1294 ᾰῤῥητων.
616 1216 697 1277 Oed.
722 1217 791 1278 Col.
812 1214 902 1284 1237.
921 1210 1084 1300 πρόπαντα
1101 1212 1182 1275 κακὰ
1200 1237 1259 1276 κα·
1329 1237 1330 1284 i

210 1304 279 1363 κῶν.
295 1300 377 1361 Phn
397 1294 448 1358 65.
470 1291 577 1375 ebxor'
605 1294 741 1379 ἐσχάτων
766 1295 853 1360 κακά.
894 1302 942 1360 Ex
961 1301 1074 1360 fabula
1095 1313 1208 1361 nostra
1227 1323 1257 1363 v.
1329 1325 1330 1356 ι

211 1384 284 1452 972.
312 1378 395 1443 δόσιν
422 1376 517 1441 κακὰν
547 1385 654 1444 κακῶν.
698 1385 846 1454 Nolimus
874 1385 1062 1445 Hermanno
1092 1384 1132 1446 ad
1159 1385 1256 1467 Soph.

211 1467 328 1531 Trach.
353 1465 426 1528 330.
455 1466 593 1542 credere,
620 1468 703 1529 haec
732 1470 773 1529 ad
795 1470 939 1530 Orientis
965 1469 1145 1550 exemplum
1169 1469 1258 1530 dicta

212 1576 293 1625 esse,
310 1554 390 1612 licet
410 1571 478 1610 non
499 1557 695 1634 ignoremus,
715 1556 763 1613 ita
780 1554 873 1633 loqui
898 1554 1003 1614 solere
1025 1553 1194 1613 Hebraeos
1224 1565 1257 1615 et

210 1638 340 1699 Arabes.
379 1635 464 1695 Vide
484 1637 618 1696 Gesenii
638 1636 785 1717 Systema
805 1633 938 1719 gremru.
960 1637 1051 1698 hebr.
1073 1657 1105 1719 p.
1128 1635 1202 1699 692.
1226 1661 1254 1701 c.

211 1726 295 1783 Nam
314 1726 378 1797 ista
398 1719 559 1797 loquendi
580 1726 663 1782 ratio
691 1727 737 1781 ita
759 1727 917 1804 exipsius
941 1727 989 1783 rei
1015 1733 1131 1781 natura
1151 1727 1256 1803 petita

211 1818 272 1876 est,
295 1817 332 1865 ut
354 1806 471 1862 Graeci
491 1804 531 1862 ad
552 1825 623 1864 eam
644 1808 877 1867 inveniendam
907 1806 947 1866 ad
977 1807 1122 1866 Orientis
1146 1811 1255 1867 imita·

208 1898 336 1952 tionem
360 1888 534 1967 confugere
561 1888 712 1949 debuisse
746 1912 814 1951 non
850 1890 1032 1953 videantur.
1074 1890 1141 1971 Qui
1164 1896 1252 1950 enim

209 1975 340 2049 ,‚fidus“
363 1983 498 2034 vocatur
523 1976 632 2042 „inter
660 1973 776 2050 fidos“,
804 1979 832 2035 is
859 1986 1001 2057 praestet
1020 1975 1157 2053 reliquis
1183 1975 1250 2035 fide

209 2079 343 2122 necesse
364 2068 423 2126 est,
442 2056 529 2116 unde
546 2068 648 2138 patet,
671 2079 743 2118 eam
772 2060 933 2139 loquendi
964 2064 1125 2120 rationem
1149 2080 1166 2119 a
1191 2081 1244 2117 su-

208 2144 369 2229 perlativo
388 2162 456 2200 non
477 2141 617 2203 differre.
655 2142 779 2203 Eadem
799 2166 891 2205 mens
910 2143 976 2205 fuit
994 2144 1190 2205 scholiastae
1203 2142 1242 2203 B.
1329 2177 1330 2180 =

208 2235 268 2311 qui
292 2227 475 2308 adscripsit:
497 2221 597 2303 ῶσπερ
620 2220 717 2306 φάμεν
736 2220 881 2287 κάλλιστα
894 2224 1059 2289 καλλίστων
1078 2221 1252 2309 βουλόμενοι

207 2315 344 2396 μεγίστην
364 2307 509 2390 ὑπεροχὴν
530 2306 673 2390 δημῶσαι,
695 2308 819 2372 τοιοῦτό
838 2311 963 2374 ἐστικαὶ
983 2310 1020 2373 τὸ
1041 2313 1094 2374 νῦν
1108 2308 1144 2371 τὸ
1161 2307 1253 2371 πιστὰ

91 2426 94 2431 ’
207 2392 331 2459 πιστῶν.
372 2391 473 2474 Ληλοί
491 2389 525 2454 δὲ
544 2393 680 2455 ἐντεῦθεν
699 2392 754 2474 τὴν
773 2399 950 2478 θαυμασίαν
969 2394 1020 2458 καὶ
1038 2396 1179 2478 μεγίστην
1199 2391 1255 2456 αὐ-

206 2485 270 2544 τῶν
299 2480 409 2555 πίστιν,
437 2476 474 2559 ἢν
499 2475 577 2558 πρὸς
603 2475 698 2539 αὐτὸν
726 2479 823 2552 ζῶντα
849 2478 1003 2562 ἐκέκτηντο
1034 2477 1086 2543 καὶ
1111 2475 1255 2541 θανόντα

208 2566 332 2647 ἔχουσιν.
374 2567 463 2626 Hinc
484 2569 631 2643 sequitur
650 2565 749 2650 longe
767 2586 787 2625 a
815 2587 891 2627 vcro
915 2570 1061 2631 aberrare
1084 2566 1256 2626 Blomfiel-

204 2654 309 2721 dium,
332 2647 388 2729 qui
408 2650 581 2732 legendum
604 2669 675 2709 esse
694 2668 779 2732 pone
799 2656 996 2733 suspicatur:
1016 2643 1041 2712 ῶ
1062 2646 1156 2709 πιστὰ
1169 2651 1256 2728 Περ-

206 2739 278 2812 σῶν,
300 2736 426 2795 collatis
449 2755 480 2798 ν.
503 2734 532 2796 1.
552 2734 651 2792 huius
670 2733 822 2795 fabulae:
849 2731 920 2796 τάδε
940 2731 993 2814 μὲν
1009 2736 1139 2820 Περσῶν
1160 2728 1256 2793 πιστὰ

205 2815 347 2893 καλεῖται,
366 2830 399 2879 et
415 2839 446 2880 v.
456 2812 531 2880 143.
553 2813 684 2897 Περσῶν
703 2813 836 2895 νηράλεα
846 2817 1036 2901 πιστώματα.
1068 2823 1255 2883 Invenuste

170 2904 177 2911 ’
206 2905 322 2966 saltem
348 2907 386 2962 in
411 2901 473 2961 bac
502 2907 636 2981 insuper
665 2904 777 2963 inutili
805 2916 841 2965 et
866 2911 1036 2967 temeraria
1066 2909 1255 2965 mutatione

205 2986 326 3067 Πέρσαι
342 2989 380 3061 in
397 2991 540 3067 proximo
560 3006 658 3047 versu
676 2999 885 3069 repeteretur.
927 2992 1059 3050 Errasse
1081 2993 1255 3050 etiamn-

207 3073 325 3134 dentur
343 3083 376 3132 et
395 3070 571 3153 Stanleius,
599 3075 658 3152 qui
678 3072 881 3137 Scholiasten
901 3072 943 3135 A.
963 3086 1120 3154 sequutus
1142 3076 1254 3149 (cuius

204 3158 305 3219 verba
325 3166 416 3216 sunt:
440 3152 517 3215 ῶέιι
536 3158 650 3216 πιστῶν
669 3154 810 3239 πατέρων
832 3155 935 3219 πιστοί
960 3156 1048 3234 otoo,
1064 3161 1181 3220 vertit:
1208 3177 1253 3227 „o

204 3242 271 3302 fida
289 3241 396 3322 proles
418 3240 567 3300 fidelium
596 3250 747 3322 patrum“
778 3252 810 3301 et
838 3243 1038 3316 Schueteim,
1068 3242 1253 3322 explicans:

203 3348 246 3398 „o
265 3324 325 3384 fidi
345 3324 486 3384 fidorum
510 3324 714 3387 dominorum
734 3327 948 3388 consiliarii.“
980 3328 1126 3405 Utraque
1150 3324 1255 3404 expli·

204 3415 333 3470 catione
352 3409 492 3469 infertur
514 3410 639 3490 aliquid
661 3420 778 3489 poetae
799 3414 914 3486 verbis,
933 3410 1021 3492 quod
1041 3430 1110 3469 non
1129 3413 1230 3467 inest.

286 3488 382 3571 ἥλικές
400 3489 444 3551 θ’
467 3489 541 3576 ἥβης
567 3492 644 3572 ἐμῆς.
677 3493 725 3552 Ex
749 3493 900 3556 Elmsleii
922 3516 1048 3556 canone
1076 3492 1131 3570 (ad
1152 3492 1255 3550 Euri·

202 3577 289 3659 pidis
310 3577 396 3637 Med.
416 3571 488 3639 940.
509 3601 542 3659 p.
566 3573 639 3639 241.
663 3577 713 3636 ed.
735 3576 845 3659 Lips.)
874 3581 937 3640 hoc
965 3579 1038 3638 loco
1064 3578 1164 3636 scribi
1195 3575 1255 3634 de·

175 3664 295 3721 'beret
315 3655 408 3738 ἣλικες
428 3657 460 3719 δ’
480 3658 555 3742 ἥβης
582 3660 659 3740 ἐμῆς.
700 3660 798 3722 Putat
826 3668 923 3739 enim,
949 3663 1007 3723 ubi
1033 3660 1159 3720 duobus
1191 3679 1256 3718 no·
1329 3662 1330 3735 ί

202 3747 348 3805 minibus
379 3766 418 3824 ap
443 3746 560 3805 ellctur
578 3746 691 3806 eadem
717 3765 866 3825 persona,
893 3769 962 3808 non
983 3762 1077 3830 posse
1104 3736 1139 3804 τὲ
1155 3748 1254 3825 poni,
1329 3752 1330 3757 ’

202 3829 260 3889 sed
279 3828 397 3888 debere
415 3764 457 3901 (λέ,
476 3829 532 3890 vel
553 3834 651 3889 etiam
672 3828 772 3910 plene
790 3825 900 3911 μὲν-
921 3826 962 3892 δέ.
1001 3831 1046 3890 Et
1072 3821 1114 3887 δὲ·
1124 3832 1164 3888 in
1185 3822 1267 3887 tati*

200 3933 237 3973 ra
254 3931 353 3992 supra
373 3907 545 3973 habuimus
565 3929 598 3976 ν.
619 3912 696 3974 122ι
1187 3970 1253 4037 Ὤ,

1174 3997 1199 4037 α
1329 3998 1330 4001 ,
