2717 4600
501 152 819 259 ----ιόι--ι

113 386 199 433 mus,
226 383 331 424 sermo
358 373 419 423 est.
457 361 504 420 Ex
529 380 625 421 curru
645 363 766 423 decidit
792 366 912 424 Xerxes
938 365 1154 443 adspectoque

115 451 216 529 Dario
234 447 346 529 peplos
367 447 531 509 dilacerat.
574 443 676 525 Atqui
695 460 798 528 pater,
816 470 890 508 curn
909 449 1024 527 lugeat.
1036 446 1152 516 filium,

114 538 148 592 ei
166 532 294 593 videtur
316 532 434 590 auxilio
454 534 592 591 venisse.
633 531 744 615 §imin
768 538 894 592 ratione
921 532 1043 615 aquila.
1068 548 1152 607 quae

113 618 227 674 Xerxis
247 635 419 695 personam
442 619 533 695 gerit,
556 616 596 674 ab
621 619 773 696 accipitre
789 618 970 684 vellicatur,
992 636 1054 673 nec
1075 632 1151 671 uero

113 700 154 758 ab
178 719 232 757 ara
259 698 442 758 detruditur
469 710 526 760 aut
552 700 719 760 occiditur.
762 701 911 760 Eandem
937 702 1051 759 Xerxis
1078 717 1154 756 con·

112 784 273 843 ditionem
293 793 326 842 et
344 794 464 843 statum
494 804 573 856 esse,
601 789 637 842 in
664 787 877 862 sequentibus
906 784 1000 859 docet
1027 780 1152 840 Atossa.

111 866 246 926 Etenim
265 877 302 925 ut
320 864 439 946 aquila,
454 889 657 945 quamquam
678 870 878 929 contumelia
900 869 1028 938 affecta,
1042 877 1153 924 tamen

111 961 225 1010 manet
247 951 368 1029 aquila.
394 956 441 1011 sic
471 952 617 1012 devictus
643 952 764 1012 Xerxes
789 948 885 1012 Asiae
916 973 971 1012 rex
995 949 1151 1010 manebit.

112 1036 235 1094 Verum
253 1034 367 1095 eodem
388 1035 494 1106 ruodo,
516 1057 582 1113 quo
602 1036 722 1113 aquila,
752 1040 850 1095 etiam
869 1038 988 1096 Xerxes
1016 1036 1153 1119 ignomi-

110 1124 169 1178 nia
194 1124 324 1187 inustus
354 1120 530 1198 apparebit.
578 1118 695 1195 Neqde
727 1120 822 1179 aliter
858 1124 1022 1180 somnium
1050 1118 1153 1196 accipi

111 1214 229 1284 potest.
274 1201 394 1263 Sensus
412 1199 509 1284 igitur
529 1213 593 1262 est:
613 1203 733 1272 „Scitis
756 1206 843 1262 enim
864 1224 969 1273 senes,
991 1222 1090 1280 quam
1111 1203 1153 1257 si·
1178 1235 1189 1249 ι

13 1318 16 1325 ·
112 1288 201 1346 milis
221 1285 342 1347 devicti
351 1287 464 1345 Xerxis
486 1286 631 1346 conditio
649 1283 761 1347 futura
780 1291 834 1349 sit.
873 1289 957 1347 Nam
976 1286 1073 1344 rebus
1087 1303 1154 1342 ma·

111 1372 145 1430 le
158 1376 256 1451 gestis
267 1371 416 1449 regnabit
433 1369 566 1448 quidem
585 1370 675 1430 filius
698 1392 801 1442 meus,
821 1381 966 1431 attamen
986 1389 1091 1447 aeque
1110 1377 1155 1425 at-

114 1476 180 1533 que
202 1454 324 1532 aquila,
348 1453 503 1532 quodque
531 1476 568 1513 er
591 1458 712 1514 somnii
731 1456 801 1523 fine
821 1456 949 1535 colligo,
973 1476 1032 1535 per
1059 1450 1155 1512 dede·

111 1556 172 1596 'cus
190 1549 223 1596 et
242 1540 513 1618 vituperatfflnem
525 1540 653 1599 tenebit
664 1543 872 1618 imperium.“
913 1538 1077 1598 Postrema
1088 1554 1155 1593 ma·

115 1626 167 1702 gis,
183 1625 295 1680 innuit
310 1642 410 1700 quam
426 1627 580 1703 expressis
603 1624 739 1684 vocibus
759 1628 950 1703 pronuntiat
968 1625 1091 1700 regina,
1120 1618 1155 1677 id

114 1704 203 1783 quod
222 1726 281 1787 par
302 1716 360 1778 est,
388 1716 423 1765 et
439 1707 553 1766 Xerxis
573 1712 670 1766 matri
690 1719 957 1771 consentaneum.
998 1702 1103 1807 Quae
1117 1713 1155 1761 ut
1246 1740 1249 1747 .

114 1790 233 1849 clarius
260 1789 403 1849 eluceret
431 1790 497 1851 loci
518 1795 691 1864 sententie,
715 1813 840 1851 comma
861 1801 936 1872 post
956 1786 1078 1869 πραξας
1100 1787 1154 1845 de-

111 1873 191 1942 lere,
223 1884 257 1932 et
280 1883 354 1954 post
383 1870 496 1943 σωθεὶς
526 1869 560 1933 δ’
592 1874 719 1943 addere,
750 1875 889 1937 forsitan
919 1880 1026 1955 aptius
1056 1880 1149 1933 esset

113 1958 244 2016 Venas:
272 1957 462 2037 „Quoniam
483 1962 624 2020 civitatis
646 1961 778 2020 arbitrio
805 1981 873 2020 non
902 1961 1068 2041 subjectus
1096 1965 1153 2027 est,

31 2054 55 2087 ἰ
113 2044 141 2098 si
168 2061 237 2100 rem
266 2042 352 2103 rnale
370 2047 533 2121 gesserit,
561 2053 707 2104 servatus
736 2054 842 2107 autem
861 2044 979 2114 fuerit,
1007 2041 1155 2127 regnabit

111 2123 244 2203 quidem
264 2129 301 2182 in
322 2123 384 2183 hac
404 2132 513 2184 terra“
532 2125 591 2185 sed
608 2127 711 2184 simili
730 2131 857 2187 ratione
881 2138 918 2186 ut
948 2127 1059 2206 aquila
1080 2130 1100 2184 i.
1124 2147 1154 2184 e.

111 2211 338 2286 ignominiose.
358 2239 402 2251 -
448 2210 664 2268 Transeamus
696 2221 804 2269 autern
829 2210 869 2269 ad
897 2211 1033 2271 aliorum
1060 2230 1156 2268 cona·

111 2305 176 2351 tus.
225 2288 350 2352 Pauvvii
388 2297 608 2371 conjecturam
633 2287 747 2363 ὁποίως
778 2316 836 2374 pro
865 2287 974 2373 ὁμοίως
1004 2291 1082 2354 iude
1106 2292 1154 2351 ab

112 2374 255 2435 Heathio
285 2398 398 2436 omnes
428 2380 498 2436 iure
520 2376 735 2458 repudiarunt
762 2383 876 2440 critici.
925 2378 1034 2459 Quod¹
1048 2388 1155 2437 autem

112 2459 277 2519 Heathius
298 2471 426 2520 monet:
447 2460 558 2531 „hunc
581 2483 651 2521 esse
662 2462 730 2521 loci
748 2485 891 2544 scopum,
912 2474 948 2522 ut
967 2483 1156 2542 quanquam
1177 2490 1179 2492 ·

110 2544 341 2603 infelicissime
371 2565 440 2604 rem
468 2549 602 2625 gesserit
624 2546 755 2616 Xerxes,
784 2569 857 2628 spes
884 2559 996 2607 tamen
1017 2547 1157 2627 supersit

9 2655 11 2662 ·
110 2631 225 2687 omnia
240 2628 358 2687 damna
378 2628 586 2698 resarciendi,
611 2630 705 2690 modo
734 2636 805 2711 ipse
822 2630 954 2690 tandem
980 2631 1089 2691 salvus
1106 2650 1156 2688 re·

11 2763 16 2770 .
110 2712 227 2786 deat;“
247 2734 321 2771 cum
340 2716 409 2793 spei
432 2713 525 2772 nulla
545 2713 605 2773 frat
619 2720 752 2789 tuentio,
771 2717 936 2793 verbaque
950 2706 1041 2773 ταῦτ’
1058 2710 1156 2791 ἔμοιγε

9 2855 11 2880 .
107 2792 228 2873 δείματ’
253 2792 321 2854 ἔστ’
347 2793 418 2856 ἰδεῖν
439 2802 637 2858 contrarium
666 2804 831 2868 evincent,
858 2803 1062 2881 ineptissime
1090 2819 1157 2858 mo·

9 2895 11 2900 ’
109 2884 221 2942 nitum
241 2902 320 2954 esse,
340 2902 436 2942 nemo
458 2887 520 2942 erit
539 2886 622 2960 quin
643 2884 809 2944 concedat.
837 2885 934 2943 Porro
956 2882 1156 2951 Schuetzius‚

110 2968 209 3043 quia,
241 2985 326 3041 quae
352 2965 441 3023 addit
466 2962 598 3041 Atossa,
633 2989 672 3026 ea
697 2967 887 3028 consolandi
919 2972 1027 3048 potius
1058 2967 1156 3047 Chori

112 3069 216 3126 quam
235 3049 379 3108 terrendi
399 3049 609 3115 vimhabere
632 3050 716 3111 falso
737 3056 898 3131 opinatur,
925 3053 990 3132 legi
1011 3052 1099 3111 vult:
1125 3050 1156 3108 ui
1250 3094 1256 3102 .

112 3129 149 3191 δ’
169 3126 226 3212 ἄρ)
248 3126 319 3196 ἴστε.
348 3131 437 3212 Quid
457 3135 554 3192 vero?
572 3136 716 3193 Tantum
735 3136 835 3208 abest,
858 3146 896 3195 ut
916 3131 955 3195 ea
970 3140 1156 3214 conjectura

111 3219 251 3278 Atossae
283 3217 383 3278 verba
403 3217 545 3275 terrendi
569 3221 637 3277 vim
660 3222 899 3291 nanciscantur,
927 3230 964 3280 ut
1011 3223 1096 3278 otius
1123 3240 1157 3277 o·

111 3303 202 3362 mnis
220 3304 350 3360 terroris
372 3321 468 3360 causa
490 3301 642 3365 diluatur.
681 3304 764 3362 Nam
790 3306 949 3385 particula
978 3241 1010 3362 dl}
1035 3307 1082 3361 ita
1104 3302 1157 3362 ad-

100 3386 222 3444 ‘hibita
243 3389 403 3445 contraria
421 3383 686 3464 praecedentium
705 3388 891 3448 indicantur
911 3398 1071 3457 secutura,
1085 3397 1158 3467 post

111 3480 239 3528 metum
258 3474 359 3553 igitur
379 3470 556 3529 consolatio
577 3481 747 3550 metusque
766 3477 911 3532 remotio.
949 3471 1092 3530 Botheus
1111 3474 1157 3528 ita

111 3554 224 3612 locum
246 3554 415 3635 explanare
437 3553 578 3613 studuit:
600 3559 656 3624 „in
678 3549 799 3636 πράξας
813 3558 1001 3635 gravissima
1016 3553 1056 3612 fit
1076 3548 1158 3611 oino-

113 3630 270 3713 σιώπησις,
290 3642 396 3696 statim
415 3658 492 3699 vero
514 3642 657 3697 animum
678 3643 804 3720 recipit,
826 3659 965 3720 spesque
985 3639 1090 3720 plebis
1110 3648 1157 3695 te-

114 3727 268 3780 merarias
290 3726 424 3801 castigat
444 3721 585 3803 prudens
607 3729 751 3803 regina.“
794 3724 868 3804 Qua
892 3726 1018 3782 ratione
1041 3723 1157 3783 Atossa

119 3806 229 3864 animo
249 3807 394 3887 praedita
423 3818 555 3886 apparet
581 3813 677 3868 nimis
707 3811 807 3867 atroci
828 3818 862 3867 et
881 3809 1029 3889 superbo.
1069 3808 1157 3884 Reji·

117 3887 272 3949 ciendum
292 3911 378 3972 ergo
403 3902 452 3951 eet
472 3895 570 3952 etiam
599 3890 661 3954 hoc
677 3892 898 3974 emplastrum.
933 3892 1057 3953 Butleri
1081 3910 1171 3974 vero·
