2717 4600
491 176 759 239 uror-

105 362 294 426 Schuetaius
314 357 346 430 ἐς
367 371 444 422 ante
464 354 594 440 τὸιμήτε
614 354 698 435 λέξαι
713 340 856 446 ἰιηοῑίίξί
875 363 958 436 vult,
971 364 1061 445 quod
1079 367 1144 428 lin.

104 469 165 529 gua
186 466 297 529 maaca
316 455 415 508 vetat.
512 470 515 473 ·

107 634 109 637 ¹
183 586 213 635 v.
224 560 295 623 261.
337 564 471 641 Βροτοῖς
486 550 676 642 exquisitior
696 574 746 625 est
764 564 861 625 lectio
885 587 984 645 quam
1003 562 1142 649 βρότους,

103 650 241 727 ideoque
267 657 355 707 recte
385 669 404 707 a
428 648 674 718 recentioribus,
710 647 851 709 l’orsono
880 661 914 709 et
934 651 1142 715 Blomfieldio

103 736 253 813 exceptis,
275 731 452 792 editoribus
472 731 626 814 praelata.
666 731 806 794 Dativus
829 733 951 815 pendet
969 757 1006 796 er
1019 729 1145 817 ἀνάγκη,

103 828 138 878 ut
160 819 259 878 etiam
280 817 318 874 in
340 814 437 898 Soph.
460 814 546 897 Phil.
572 810 663 880 1316.

502 925 696 1013 ἀνθρώποισι
713 927 775 1002 τὰςΙ
789 926 842 1012 μὲν
862 929 896 993 ἐκ
914 937 996 997 θεῶν

117 1062 121 1075 .
190 1026 192 1031 ·
249 1010 342 1095 τύχας
363 1009 506 1087 δοθείσας
524 1011 592 1075 ε”στ’
616 1010 784 1088 ἀναγκαῖον
805 1013 910 1094 φέρειν.

102 1136 185 1196 Nam
215 1137 245 1193 si
263 1133 297 1194 h.
319 1131 343 1192 1.
366 1132 511 1195 dativum
539 1150 577 1192 er
603 1124 747 1202 δοθείσας
766 1133 910 1214 pendere
931 1135 1030 1208 dicas,
1056 1143 1144 1200 inso-

101 1218 446 1361 lentemfstructuram
473 1226 508 1278 et
528 1215 708 1278 'verborum
736 1217 944 1279 collocationi
972 1221 1144 1283 adversan-

103 1315 169 1365 tem
195 1307 308 1363 iners.

185 1415 295 1483 v.263.
334 1413 754 1501 Blomfieldiusannotavitr
774 1409 1144 1504 „Antedntogiuterpum

103 1508 144 1574 ri,
174 1503 262 1582 quod
283 1506 331 1561 sio
351 1505 494 1584 positum
512 1498 713 1566 reddendum
735 1512 785 1561 est
803 1523 862 1583 per
883 1503 1074 1564 nihilominus
1097 1522 1145 1565 to·

105 1595 205 1646 men.“
254 1587 361 1667 Quem
388 1605 482 1645 usum
512 1583 672 1645 stabilivit
700 1595 751 1644 rat
777 1587 888 1648 multis
915 1590 1077 1670 exemplis,
1109 1589 1142 1651 S.

105 1672 175 1733 adr.
198 1672 302 1731 Theb.
327 1666 398 1735 697.
424 1667 568 1750 Choeph.
592 1665 663 1730 112.
693 1668 805 1751 Eurip.
831 1672 904 1732 Alo.
926 1669 999 1733 935.
1026 1673 1143 1733 Helen.

19 1812 24 1825 ‚
105 1752 196 1816 1026.
221 1747 313 1816 1411.
334 1752 436 1835 ¹Soph.
467 1752 549 1812 Oed.
573 1752 643 1813 Col.
675 1750 767 1814 1529.
789 1751 839 1834 Aj.
865 1752 915 1816 15.
943 1756 1056 1837 Eurip.
1085 1756 1142 1818 Or.

104 1836 174 1904 672.
202 1839 330 1919 Quibus
352 1837 498 1897 addimus
521 1834 619 1917 Soph.
642 1832 694 1916 Aj.
719 1833 811 1898 1359.
841 1835 946 1899 Aliter
974 1840 1015 1900 de
1042 1845 1144 1900 inter·

101 1924 279 2005 punctione
317 1932 393 1981 ante
422 1914 503 1999 ὅμως
532 1921 679 1980 adhibita
708 1921 867 2000 judicavit
898 1923 1074 1984 Elmsleius
1105 1928 1146 1983 in-

101 2007 190 2068 Mus.
215 2008 293 2066 Crit.
315 2008 354 2067 T.
377 2006 404 2065 Ι.
427 2025 460 2086 p.
484 2000 557 2066 351.
580 2017 613 2065 et
633 2004 674 2063 ad
699 2005 812 2086 Eurip.
843 2005 931 2067 Med.
954 2029 986 2088 p.
1007 2005 1070 2068 289
1090 2009 1142 2070 ed.

103 2091 190 2173 Lips.
222 2091 414 2149 simillimus
441 2099 549 2148 autem
579 2099 630 2148 est
657 2088 750 2147 locus
777 2095 815 2148 in
835 2089 949 2149 fabula
969 2102 1080 2150 nostra
1108 2110 1147 2153 v.

101 2170 180 2240 7952
202 2167 281 2251 ὑμεῖς
301 2168 343 2247 δέ,
365 2169 508 2250 πρέσβεις,
521 2165 635 2252 χαίρετ’
656 2167 690 2228 dv
706 2175 819 2246 κακοῖς,
841 2167 929 2248 ὅμως.
954 2173 1143 2235 Schuetzius

103 2253 184 2335 ὁμῶς
197 2258 301 2328 malit,
323 2266 361 2315 ut
380 2255 555 2336 significata
580 2259 752 2333 ‚,quemvis
764 2266 802 2315 tu
822 2256 973 2317 similiter
989 2278 1016 2319 s.
1039 2277 1144 2338 aeque

104 2354 203 2420 atque
226 2362 283 2424 ego
305 2340 358 2399 his
378 2340 474 2399 malis
497 2342 721 2418 ingemiscas.“
764 2339 858 2420 Quae
886 2340 1069 2404 emendatio
1097 2346 1144 2421 je·

102 2431 219 2506 junum
241 2435 275 2484 et
295 2421 489 2505 languidum
510 2423 646 2502 praebet
664 2441 808 2489 sensum.

186 2565 216 2602 v.
230 2534 302 2601 261.
347 2541 467 2599 Merito
479 2547 553 2618 post
574 2530 654 2613 ὅμως
667 2537 739 2596 colo
751 2542 951 2619 interpunxit
963 2544 1029 2620 jam
1038 2539 1146 2602 mom-

101 2625 244 2698 fieldius,
273 2635 310 2684 ut
330 2626 503 2701 sequentia
529 2630 652 2680 rectam
674 2619 824 2682 efficiant
849 2627 1144 2703 interrogationem.

102 2712 145 2770 ln
165 2715 212 2769 eis
231 2713 349 2770 mirum
371 2727 442 2767 esse
462 2704 602 2775 videtur,
631 2703 722 2782 quod
740 2701 857 2766 Atossa
885 2706 926 2767 de
949 2703 1034 2770 vivis
1054 2714 1144 2791 prius

104 2806 139 2854 et
159 2795 336 2874 sospitibus
358 2812 457 2870 quam
478 2788 518 2848 de
539 2790 675 2849 mortuis
696 2791 872 2871 interrogat
889 2795 1052 2856 nuntium.
1073 2794 1145 2853 Imo

103 2879 240 2937 ramale
257 2887 345 2956 gesta
366 2894 450 2953 quae
471 2872 691 2932 infortunium
711 2877 876 2955 eripuerit,
899 2897 967 2937 non
988 2897 1073 2954 quae
1095 2880 1148 2936 in-

103 2972 190 3020 tacta
211 2961 390 3036 reliquerit,
408 2960 579 3035 inquirunt
600 2951 760 3017 homines.
803 2955 952 3019 Fortasse
977 2963 1076 3040 igitur
1101 2958 1147 3030 τίς

98 3034 160 3105 οὖν
180 3040 305 3120 τέθνηκε
325 3045 489 3122 scripserit
515 3050 621 3119 poeta.
662 3038 706 3100 At
737 3046 804 3120 jam
829 3046 996 3124 responsio
1026 3049 1147 3114 nuntii,

103 3133 249 3209 reginam
268 3123 309 3186 de
329 3145 397 3185 non
417 3127 552 3183 mortuis
573 3126 784 3202 quaesivisse,
806 3137 914 3207 aperte
935 3126 1038 3187 docet.
1081 3129 1147 3187 De-
1201 3125 1202 3130 '

102 3214 183 3274 inde
208 3210 272 3271 hoc
298 3227 426 3289 semper
456 3217 600 3287 spectare
627 3207 793 3279 debemus,
822 3232 895 3269 cum
921 3212 1053 3270 senibus
1074 3215 1147 3270 uni·

103 3318 234 3360 versum
254 3296 423 3355 Persarum
442 3295 616 3372 imperium
639 3312 734 3352 curae
753 3295 805 3363 sit,
820 3286 978 3355 'Atossam
1008 3294 1048 3353 de
1074 3295 1145 3353 filio

102 3384 206 3461 magis
225 3401 324 3458 quam
346 3376 387 3437 de
407 3378 544 3455 imperio
572 3377 840 3454 eiusquesaluto
867 3379 1042 3439 sollicitam
1064 3397 1144 3438 esse.

102 3465 145 3524 Id
175 3463 264 3544 quod
295 3463 406 3522 matri'
421 3463 543 3540 optime
570 3463 733 3520 convenit.
777 3459 895 3540 ltaque
925 3467 963 3520 in
982 3465 1147 3524 communi

104 3550 289 3608 calamitate
302 3539 352 3606 'de
377 3544 491 3604 Xerxis
514 3554 602 3605 sorte
629 3549 834 3628 potissimum
859 3567 933 3605 cum
960 3548 1076 3605 animi'
1090 3566 1147 3605 an·

104 3629 333 3711 gaturAtossa,
356 3627 518 3708 quomodo
540 3632 569 3687 is
589 3650 625 3688 se
644 3628 776 3699 babeat,
796 3649 874 3707 prae
897 3633 1012 3689 ceteris
1035 3628 1146 3690 audire

50 3737 54 3744 ’
105 3720 219 3795 cupit.¹
250 3716 401 3775 Attamen
423 3733 530 3771 coram
552 3713 686 3773 senibus
711 3717 741 3771 si
769 3712 834 3771 filii
852 3716 954 3773 vitam
978 3717 1083 3794 primo
1105 3713 1147 3773 de

104 3803 222 3859 nuntio
246 3809 389 3877 quaerat,
409 3818 452 3858 ne
470 3800 508 3855 in
526 3801 798 3878 vituperationem
815 3796 948 3867 incidat,
958 3800 1077 3857 metuit
1097 3818 1147 3857 re·

104 3886 195 3963 gina.
236 3883 454 3962 Quamobrem
466 3886 606 3959 quaerit
619 3882 774 3963 quidem,⁴
784 3881 846 4023 εοὲ
860 3891 958 3953 tecte,
973 3902 1083 3961 neque
1095 3902 1146 3941 ex-

138 3977 296 4032 ΠΕΡΣΑΙ.
