2717 4600
497 220 549 240 ...
601 197 664 265 181
702 184 769 239 ’.-

114 365 168 452 ἕδη
195 375 257 437 scir
280 373 362 435 meir
387 368 515 457 διαντλεῖ-
532 371 587 437 τὸν
609 358 846 453 Ἑλλήσποντον.
888 377 1035 458 Templis
1055 392 1154 439 nares

114 456 244 522 Aeneae
273 472 420 520 oneratas
445 458 550 521 fnisse
584 464 638 522 rix
664 460 902 523 crediderimus.
944 461 986 519 In
1013 461 1153 540 Lycurg.

114 566 142 602 c.
160 546 272 605 Leocr.
292 541 320 603 l.
337 544 504 626 leguntur:
530 542 556 602 εί
572 537 625 621 μὲν
645 537 818 622 εἰσήγγελκα
837 538 1006 625 Λεωκράτη
1032 539 1153 615 δικαίως

111 622 165 686 καί
190 627 280 708 κρίνω
307 623 361 687 τὸν
388 621 545 705 προδόντα
571 621 672 686 αὐτοῖν
703 631 762 706 (sc.
789 628 884 704 θεῶν)
911 624 963 688 καί
988 622 1061 696 τοὺς
1080 622 1153 695 νεὼς

109 705 162 769 καί
180 707 220 769 τὰ
239 705 292 789 ἕδη
312 708 365 773 καί
384 708 425 769 τὰ
445 707 547 790 τεμένη
565 706 618 770 καί
642 707 697 782 τὰς
718 709 750 773 ἓν
772 717 837 781 τοῖς
863 705 965 788 νόμοις
993 706 1105 779 θυσίας
1126 729 1151 768 κ.

107 813 135 852 τ.
155 786 185 857 λ.
228 795 303 876 Qua
327 798 455 855 ratione
482 800 734 877 interpretemur
757 792 830 865 τοὺς
859 792 931 865 νεὼς
956 791 1008 855 καί
1031 789 1072 854 τὰ
1099 788 1153 871 ἕδη

107 883 176 938 nisi
200 880 346 961 „templa
365 891 399 940 et
414 881 580 938 statuas“i'
601 876 657 939 ¹Cf.
679 880 872 963 Pinzgerum
893 879 976 939 adl.
999 901 1027 938 c.
1058 876 1152 941 Prae·

106 962 232 1022 clarum
254 962 397 1042 denique
418 973 467 1023 est
489 963 552 1022 hoc
570 982 659 1023 erem
683 964 763 1024 lum.
797 965 936 1024 Pausan.
962 963 1050 1034 Vm,
1078 981 1148 1042 cap.

106 1039 160 1107 46.
193 1050 306 1107 initio:
332 1048 398 1126 Τῆς
429 1041 462 1104 δὲ
486 1040 617 1123 Ἀθηνᾶς
640 985 680 1105 sd
701 1040 823 1125 ἄγαλμα
841 1080 884 1091 -
905 1041 1011 1127 ἐλαβεν
1039 1039 1152 1104 ὁῬω-

105 1129 206 1209 μαίων
228 1125 364 1210 βασιλεὺς
382 1125 565 1202 Αὔγουστος
585 1150 612 1187 κ.
631 1147 658 1187 τ.
678 1122 706 1187 λ.
746 1128 800 1190 Ad
823 1152 909 1210 quae
928 1132 1030 1190 rerba
1050 1131 1151 1209 respi-

107 1219 201 1275 ciunt
219 1214 316 1275 haecx
339 1213 483 1275 Φαίνεται
499 1206 534 1273 δὲ
553 1207 609 1273 οὐκ
630 1207 758 1292 ἄρξαςὸ
772 1210 951 1286 Αὔγουστος
962 1207 1151 1290 ἀναθήματα

105 1294 161 1358 καί
186 1292 239 1374 ἕδη
266 1298 349 1359 θεῶν
374 1291 551 1371 ἀπάγεσθαι
579 1292 666 1375 παρὰ
689 1298 752 1359 τῶν
779 1293 992 1378 κρατηθέντων
1018 1318 1044 1354 κ.
1070 1314 1096 1377 τ.
1122 1288 1149 1357 λ.

106 1384 151 1441 In
170 1387 211 1441 iis
233 1375 423 1460 ἀναθήματα
449 1379 489 1443 ad
511 1384 581 1463 apri
603 1380 779 1460 calydonii
803 1382 925 1456 dentes,
951 1375 1004 1458 ἕδη
1026 1379 1067 1440 ad
1086 1389 1150 1438 ste·

107 1477 200 1524 tuam
226 1465 397 1611 Mineryge
424 1466 546 1528 referre
576 1463 685 1529 debes.
727 1465 823 1532 Couf.
849 1470 983 1547 insuper
1012 1463 1146 1524 Ruhnk.

190 1701 223 1741 v.
240 1676 314 1748 373.
357 1676 566 1740 Hermannus
595 1684 632 1740 in
660 1679 767 1743 Praef.
798 1681 840 1743 ad
866 1681 979 1765 Eurip.
1007 1673 1148 1739 Bacchas

106 1789 139 1847 p.
158 1762 247 1828 XLI.
271 1768 447 1846 graviorem
465 1764 537 1825 fore
558 1785 729 1824 numerum
749 1768 919 1835 existimat,
941 1769 971 1825 si
991 1768 1147 1843 scriptum

106 1860 193 1910 esset
214 1871 233 1907 a
249 1860 360 1930 poeta:
380 1841 540 1928 προγόνων
558 1867 590 1908 τε
607 1850 711 1927 θῆκαι,
742 1849 833 1928 quod
853 1849 935 1910 licet
959 1854 1075 1911 rerum
1093 1849 1146 1918 sit,

105 1944 306 1993 nontamen
329 1933 456 2016 aliquid
483 1932 634 1995 mutandi
660 1932 935 1998 necessitudinem
965 1933 1060 1993 nobis
1086 1933 1147 1989 im·

102 2021 209 2099 ponit.

185 2154 219 2196 v.
242 2128 316 2199 376.
359 2134 411 2192 De
459 2142 595 2193 otestate
620 2153 739 2194 vocum
767 2126 901 2218 χαλκήρη
925 2125 1037 2190 στόλον
1058 2129 1148 2189 audi·

104 2214 209 2275 endus
230 2227 281 2280 est
299 2215 404 2275 Schol.
456 2261 463 2275 .
490 2210 612 2283 Στόλος
640 2209 673 2273 δὲ
697 2210 811 2288 λέγεται
836 2212 872 2274 τὸ
899 2209 1039 2295 ἔμβολον,
1060 2207 1147 2293 παρὰ

78 2358 82 2362 .
103 2295 143 2359 τδ
160 2298 201 2370 εἰς
222 2295 275 2370 ὀξὺ
298 2293 517 2359 συνεστάλθαι·
546 2292 657 2361 στόλον
679 2294 739 2380 γὰρ
760 2294 862 2376 ἔλεγον
878 2294 918 2370 τὰ
939 2292 1147 2377 ἄπωξυμγιίνα.

102 2381 201 2460 Λέγει
217 2378 256 2442 ’δὲ
277 2378 413 2463 χαλκήρη
437 2379 493 2444 τὸν
512 2377 612 2463 χαλκῷ
640 2377 893 2466 περιβεβλημένον.
932 2382 1026 2444 Conf.
1055 2401 1166 2466 prae-¹

101 2475 194 2530 terea
215 2466 429 2529 Abreschium
451 2469 491 2529 ed
510 2469 545 2535 h.
567 2469 591 2529 l.

187 2621 220 2667 τ.
241 2596 313 2668 377.
355 2601 466 2662 Utrius
489 2605 607 2681 gentis,
635 2597 927 2662 Atheniensiumne
949 2621 993 2660 an
1009 2596 1146 2680 Aegine-

99 2696 210 2746 tarum
232 2689 324 2748 neris
339 2696 434 2755 esset,
446 2706 512 2763 qua
533 2685 706 2746 conflictus
719 2689 928 2765 inciperetur,
943 2684 1030 2765 apud
1044 2683 1144 2742 Grae·

35 2834 41 2838 ,
99 2791 160 2830 cos
180 2774 400 2850 ipsosstatim
421 2779 496 2850 post
515 2773 685 2830 victoriam
710 2780 906 2850 reportatam
931 2788 1000 2832 non
1020 2777 1146 2826 consta·

98 2856 169 2912 bat.
192 2851 390 2931 Aeschylum
407 2874 488 2926 ‚enm
514 2852 672 2918 honorem
699 2851 956 2914 Atheniensibus
972 2850 1146 2932 populari·

98 2934 167 2996 b'ns
192 2938 346 2996 tribuisse
375 2938 470 2996 nobis
497 2936 692 3017 persuadere
717 2935 844 2998 studuit
869 2935 1045 3003 Stenleius,
1077 2952 1145 2998 nou

98 3020 231 3080 idoneis
251 3031 362 3080 tamen
383 3041 462 3080 usus
489 3024 697 3100 argumentis.
738 3021 854 3097 Neque
879 3024 981 3100 magis
1001 3017 1145 3086 Scholia*

98 3108 162 3164 stis
185 3103 388 3176 confidimus,
410 3106 531 3183 quippe
552 3106 679 3179 quiea,
701 3124 787 3181 quae
808 3104 972 3164 Herodoto
989 3101 1031 3160 ad
1051 3106 1144 3164 inre·

99 3186 286 3268 stigandum
307 3191 359 3245 sui
378 3191 532 3267 temporis
547 3184 717 3244 historiam
737 3191 873 3246 maxime
892 3191 1017 3246 curioso
1038 3187 1075 3241 in
1093 3187 1145 3240 in-

99 3282 192 3332 certo
212 3268 352 3340 fuerant,
378 3273 431 3330 vix
451 3269 613 3351 explorata
630 3267 752 3328 habere
770 3280 955 3350 potuerunt.
998 3265 1143 3332 Annota·

96 3366 180 3416 runt
201 3365 309 3414 autem
338 3350 491 3432 Aeschyli
520 3356 727 3433 interpretem
750 3350 791 3411 A:
817 3348 909 3438 ἀρχὴν
939 3350 1059 3426 ἐποίησε
1084 3348 1144 3423 τοῦ

96 3439 229 3516 στρωτοῦ
252 3431 386 3516 πολέμου
404 3439 475 3506 ναῦς
490 3429 662 3513 Ἀθηναική,
688 3431 782 3507 ἤγουν
802 3432 820 3494 ὁ
842 3429 1025 3515 Λυκομήδης
1044 3429 1062 3490 ὁ
1079 3429 1143 3500 Λί-

21 3519 23 3524 ’
98 3521 228 3605 σχραίου
247 3526 318 3591 παῖς
342 3543 367 3579 κ.
385 3540 411 3580 τ.
432 3514 458 3579 λ.
484 3520 521 3579 Β.
537 3513 714 3598 Ἑλληνική]
747 3513 846 3597 ἦζίτο
865 3541 923 3604 pro
947 3514 980 3592 ὁ)
1006 3517 1063 3575 τοῦ
1086 3513 1143 3575 Θε-

95 3600 302 3688 μιστοκλέους.
343 3607 394 3665 Ita
413 3615 450 3664 ut
465 3604 508 3665 'de
528 3599 760 3685 Aeginetarum
787 3609 908 3665 virtute
933 3624 975 3662 ne
1001 3619 1141 3668 commo·

98 3702 206 3751 neunt
232 3690 365 3768 quidem
392 3688 599 3751 scholiastae.
650 3685 773 3747 Verum
804 3686 908 3746 multo
939 3684 1140 3767 probabilius

100 3785 163 3850 est,
182 3775 330 3838 consulto
338 3771 534 3851 Aeschylum
556 3772 722 3841 Graecam,
743 3792 811 3830 non
829 3767 1063 3838 Atheniensem
1084 3787 1142 3825 na·

98 3861 172 3922 vim
191 3854 315 3929 dixisse.
359 3858 492 3926 Etenim
518 3855 625 3923 noluit
642 3865 739 3940 Poeta
765 3858 1069 3942 praestantissimus,
1099 3849 1140 3908 ab
