2717 4600
617 185 886 237 *¹222-

232 360 410 421 virtutihus¹
429 361 673 442 poeticis‘sunt
698 356 968 430 adnumerandae.
1011 357 1174 421 Postremo
1200 362 1269 423 lon·

229 461 289 525 gae
307 466 393 523 quae
412 455 538 505 exstant
556 443 702 523 syllabae
723 461 791 503 non
814 447 923 503 minus
951 465 1025 504 cum
1052 444 1209 525 dactylico
1237 458 1270 508 et

230 533 436 611 anapaestico
459 549 557 608 quam
575 549 658 587 ⁴cum
689 525 877 588 dochmiaco
908 532 1096 610 conspirant
1125 549 1266 592 numero.

171 679 177 686 q
228 610 362 673 Accedit
382 612 471 692 quod
492 608 569 671 satis
588 611 708 672 idonea
726 632 879 673 versuum
901 613 1101 693 singulorum
1119 620 1268 675 termina·

153 763 155 767 ,
227 702 275 756 tio
299 697 443 775 finisque
475 700 695 775 conjecturam
723 706 867 756 nostram
900 698 1089 779 approbant.
1145 699 1269 759 Exeunt

229 802 357 862 nempe,
381 792 414 841 et
434 784 562 843 sirecte
581 779 729 841 videmus
751 783 925 861 aptissime,
947 801 1059 842 versus
1073 794 1147 863 post
1167 779 1269 842 omer

228 878 263 927 et
274 860 346 941 tqd’
368 865 410 924 ob
426 867 736 946 interpunctionem,
754 875 829 945 post
848 865 888 941 σᾷ
908 874 942 924 et
963 859 1124 943 διαμαρτία
1141 879 1269 949 propter

226 954 500 1010 constructionem
519 949 760 1029 interpellatam
780 959 813 1007 et
833 948 1013 1029 abruptam.
1055 949 1172 1030 ltaque
1190 953 1270 1012 sale-

226 1036 301 1094 bras
323 1033 507 1114 explanatas
536 1037 767 1101 existimamus,
794 1045 984 1096 conservata
1010 1034 1167 1095 librorum
1195 1041 1270 1096 scri·

225 1130 330 1200 ptura,
351 1138 465 1177 sensus
487 1128 520 1177 et
545 1120 641 1177 metri
668 1120 868 1198 expositione
897 1117 1013 1177 addita.
1048 1119 1268 1199 Repudiamus

226 1207 325 1283 igitur
342 1223 559 1281 quaecunque
578 1204 651 1263 aevi
667 1205 772 1261 nostri
789 1204 894 1262 critici
913 1201 953 1261 de
967 1200 1029 1261 hoc
1043 1202 1115 1263 loco
1130 1210 1269 1265 somnia-

225 1298 312 1347 runt.
353 1286 417 1347 Sed
435 1286 516 1347 haec
538 1285 709 1351 hactenus.
749 1286 844 1346 Nunc
869 1284 909 1348 ad
931 1287 1059 1367 singula
1081 1293 1148 1368 jam
1168 1300 1270 1349 trans

186 1397 190 1420 ⁸
227 1391 349 1432 eamus.
1297 1389 1299 1396 ’

309 1507 342 1552 v.
364 1482 435 1549 631.
480 1485 586 1567 Vulgo
608 1478 741 1546 δυνάστα
761 1480 904 1563 δυνάστα,
933 1508 1017 1566 quae
1039 1488 1138 1549 lectio
1156 1491 1270 1570 procul

227 1571 326 1633 dubio
350 1574 504 1632 correctio
526 1582 576 1630 est
597 1574 780 1632 criticorum
807 1572 895 1653 leges
926 1576 1075 1632 metricas
1105 1573 1193 1633 nihil
1219 1598 1271 1636 cu-

225 1661 377 1716 rantium.
417 1657 500 1715 Nam
530 1653 637 1715 Schol.
665 1653 703 1717 A.
735 1649 848 1715 δυνάτα
876 1648 989 1716 δυνάτα
1017 1656 1097 1738 legit
1123 1670 1271 1720 annotat·

227 1763 308 1821 que:
329 1736 366 1799 τὸ
387 1734 420 1799 δὲ
440 1732 555 1798 δυνάτα
576 1733 643 1798 ἀντὶ
663 1739 721 1799 τοῦ
741 1734 883 1801 δυνάστα.
925 1738 1162 1802 Adsentiuntur
1183 1744 1267 1806 Vict.

210 1836 261 1886 ’et
282 1827 398 1906 partim
421 1824 528 1885 Viteb.
552 1827 643 1883 cuius
664 1827 823 1905 scriptura
844 1836 895 1885 est
910 1817 1025 1884 δυνάτα
1045 1820 1185 1887 δυνάστα.
1210 1828 1269 1889 Su-

226 1913 388 1992 spicamur
408 1911 507 1969 etiam
527 1911 563 1966 in
581 1907 669 1982 Med.
693 1908 759 1989 legi
780 1901 894 1969 δυνάτα
916 1902 1037 1969 δυνάτα.
1063 1909 1267 1972 LicetBlom-

225 1992 357 2054 fieldius
378 1992 562 2067 contendat,
585 1986 700 2051 δυνάτα
719 2014 779 2095 pro
802 1986 935 2054 δυνάστα
953 1997 1034 2075 poni
1054 2016 1167 2077 negare
1198 1998 1265 2055 Iin-

225 2097 308 2163 guae
336 2084 491 2148 rationes,
520 2098 593 2138 cnm
621 2070 747 2147 δυνατος
778 2079 822 2138 sit
849 2085 1019 2160 „potens“,
1053 2072 1173 2157 δατ-’ἄτης
1203 2101 1261 2140 cur

224 2162 422 2235 „dominus“
443 2172 555 2222 notare
577 2172 730 2240 nequeat,
750 2163 850 2243 plane
863 2184 930 2222 non
941 2167 1152 2243 assequimur.
1167 2166 1264 2223 Num·
1332 2167 1334 2178 '

225 2268 323 2333 quam
345 2258 512 2330 praeterea
533 2247 683 2309 oblivisci
705 2245 870 2318 debemus,
891 2248 972 2308 tales
994 2245 1130 2311 audaces
1150 2248 1270 2310 forma·

224 2337 332 2393 tiones
354 2354 422 2393 non
445 2354 481 2392 ex
502 2335 781 2414 grammaticorum
798 2332 936 2413 placitis,
960 2332 1128 2395 imovero
1157 2356 1195 2393 ex
1220 2356 1272 2393 su·

225 2418 321 2477 blimi
339 2414 493 2496 Aeschyli
511 2421 655 2498 ingenio,
674 2421 866 2497 praesertim
886 2417 948 2476 hoc
967 2420 1004 2475 in
1023 2422 1166 2478 carmine
1188 2417 1272 2478 diiu-

227 2501 380 2562 dicandas
404 2523 484 2563 esse.
525 2502 614 2560 Luce
634 2521 711 2563 vero
735 2500 851 2560 clarius
881 2512 940 2575 est,
969 2523 1067 2580 quam
1095 2502 1198 2562 facile
1221 2525 1274 2583 ge-

225 2590 330 2645 nuina
348 2587 446 2647 lectio
470 2588 507 2644 in
528 2584 721 2646 deteriorem
744 2595 894 2667 corrupta
919 2589 971 2646 sit.
1017 2584 1226 2669 Quapropter
1246 2590 1275 2645 si

225 2691 297 2731 earu
315 2671 512 2752 postliminii
536 2675 608 2750 jure
637 2668 870 2741 condonamus,
895 2669 1094 2733 Blomfieldii
1118 2671 1276 2732 emenda*

224 2759 310 2815 tioni
331 2757 440 2823 locum
462 2754 671 2845 denegamus.

288 2905 339 2948 r.
359 2883 431 2947 632.
472 2886 611 2966 Vulgata
635 2878 772 2961 διάνοιαι,
793 2907 867 2945 cum
889 2907 987 2946 sensu
1007 2898 1115 2948 careat
1135 2888 1277 2950 idonea·

224 2991 289 3051 que
318 2970 471 3032 destituta
503 2976 546 3029 sit
572 2975 773 3040 auctoritate,
796 2975 912 3031 merito
938 2972 1107 3051 relegatur.
1159 2973 1277 3034 Altera

223 3060 355 3136 optimis
380 3059 578 3116 testimoniis
604 3055 795 3115 confirmata
819 3055 918 3115 lectio
943 3049 1071 3127 διάγοιεν
1101 3062 1137 3116 iu
1170 3052 1278 3131 διάγοι

222 3145 342 3201 mutari
363 3140 469 3211 debet,
493 3145 584 3199 cuius
605 3143 653 3199 rei
675 3146 742 3219 jam
764 3139 952 3220 explicaturi
973 3160 1083 3200 sumus
1098 3163 1276 3222 argumen-

222 3237 267 3285 ta.
298 3225 423 3285 Mirum
446 3244 525 3284 sane
547 3235 603 3298 est,
623 3228 659 3284 in
679 3226 772 3284 libris
792 3234 842 3282 sat
853 3225 966 3284 multis
987 3226 1075 3304 quod
1092 3226 1220 3306 legitur
1243 3221 1275 3284 δ’

222 3301 363 3389 ἁμάρτια.
402 3311 675 3390 Conjunctionem
695 3311 794 3390 plane
814 3312 959 3389 ineptam
974 3311 1277 3391 silentio—praeter-

222 3399 332 3454 ierunt
352 3405 385 3455 et
405 3404 625 3475 expunxerunt
646 3392 787 3454 editores¹
809 3398 1021 3454 recentiores.
1063 3396 1206 3455 Verum·
1222 3417 1279 3455 eo-

126 3480 131 3491 ’
221 3500 294 3538 rum
325 3490 394 3538 erat
422 3480 603 3552 enucleare,
634 3475 985 3558 quomodo'irrepserit
1011 3482 1074 3537 ista
1093 3481 1277 3561 particula.

221 3563 336 3641 Neque
367 3563 606 3624 dissimulamus
640 3561 843 3642 scrupulum,
891 3565 949 3640 qui
980 3564 1074 3622 nobis
1104 3564 1277 3624 inhaeret.
1333 3622 1334 3643 ,

221 3647 346 3729 Nempe
366 3641 527 3727 διαμαρτία
548 3653 584 3706 in
606 3649 842 3723 antiquissimis
871 3646 964 3705 libris
986 3646 1166 3707 exhibitum
1188 3648 1282 3707 fuis·
1333 3646 1334 3667 ³

221 3751 257 3791 se
276 3733 551 3792 verisimillimum
571 3742 628 3792 est.
675 3730 783 3808 Quid?
804 3729 946 3789 affirmat
966 3735 1188 3812 suspicionem
1218 3751 1282 3792 no·

221 3826 321 3875 stram
343 3814 449 3875 Schol.
470 3817 505 3876 B.
528 3815 626 3875 lectio
648 3818 785 3894 eiusque
805 3817 1046 3896 interpretatio..
1083 3816 1284 3877 Videlicet:

221 3894 259 3957 τὸ
277 3890 428 3980 δαμάρτια
448 3891 490 3973 δέ,
511 3892 671 3978 διαμάρτια
691 3895 843 3975 dote-aui
867 3894 946 3960 κατὰ
971 3898 1138 3980 συιαίρεσιν
1165 3896 1284 3974 γέγονε
