2717 4600
538 173 807 238 *119-

24 338 30 353 “
95 354 99 365 ’
151 342 286 405 Falsum
306 345 396 403 euim
415 354 484 419 est,
510 345 600 425 quod
627 343 798 407 contendit
827 341 1033 420 Schuetzius,
1062 341 1197 406 chorum

151 430 204 493 bis
230 431 267 486 in
290 425 353 486 hac
380 450 478 489 scena
497 430 547 490 ‘ad
577 431 720 491 eandem
735 432 931 491 sententiam
959 427 1076 494 redire.
1117 429 1195 488 Pec-

54 547 57 557 =
139 522 258 572 cassat
280 522 392 585 contra
412 517 489 574 artis
516 519 657 595 tragicae
675 516 774 595 leges,
806 517 835 573 si
861 510 942 598 quid
966 513 1017 571 bis
1043 513 1195 592 protulis-

130 600 202 656 set
220 605 328 676 poeta.
370 597 486 675 Neque
513 603 621 658 minus
652 599 804 672 Botheus,
832 594 899 659 νέον
923 601 959 655 in
980 592 1032 655 νέα
1055 607 1193 666 mutato,

149 681 260 743 locum
282 686 454 761 corrupit·
484 682 580 763 Quod
600 695 637 742 ut
658 684 814 752 dicamus,
843 681 967 740 duabus
987 677 1192 760 potissimum

150 769 254 824 causis
283 764 439 825 ducimur.
481 765 587 827 Prima
617 777 676 840 est,
700 767 789 848 quod
807 762 861 826 νέα
880 765 1012 846 puellae
1041 785 1107 823 non
1126 784 1192 823 ⁴nu·

148 859 226 930 ptae
244 860 337 909 tenet
357 849 640 930 significationem,
661 852 815 922 secunda,
842 848 930 927 quod
958 851 986 907 si
1008 842 1103 929 ἄνδρα
1125 868 1192 906 ma·

134 936 205 993 ¹riti
224 932 360 993 haberet
380 945 585 1014 potestatem,
614 936 770 1009 articulus
794 933 1037 1009 desideraretur.
1082 931 1192 1011 Quare

133 1019 280 1091 ,Pauwio
304 1028 337 1093 et
357 1017 479 1078 Siebeli
498 1019 544 1101 (p.
565 1008 635 1083 104.
662 1017 746 1095 105.)
766 1011 865 1100 βαῢζξι
888 1014 929 1077 ad
946 1010 1046 1093 θυμὸς
1068 1018 1114 1092 (v.
1128 1013 1191 1092 11.)

146 1100 365 1161 referentibus
391 1103 501 1175 facere
537 1124 606 1165 non
634 1124 819 1185 possumus,
851 1104 933 1180 quin
966 1104 1190 1164 assentiamur.

145 1186 271 1245 Puncto
299 1207 372 1267 ergo
401 1198 476 1268 post
499 1183 615 1247 timae
640 1199 674 1248 et
705 1187 777 1247 colo
809 1195 884 1266 post
921 1177 1025 1261 οἴχωκε
1062 1183 1189 1254 deletis,

147 1273 380 1350 commatisque
399 1272 592 1342 substitutis,
615 1266 847 1352 contemplatio
866 1267 1039 1348 coryphaei
1059 1278 1190 1326 senten·

145 1359 193 1412 tia
213 1354 408 1414 intermedia
427 1351 659 1434 πᾶσα-ὸῖχωκε,
687 1376 754 1434 qua
772 1354 899 1413 scilicet
923 1350 1187 1413 antecedentium

147 1449 367 1517 argumentum
395 1445 590 1510 continetur,
619 1444 664 1499 ita
692 1442 949 1518 interrumpitur,
966 1445 1016 1496 rut
1046 1432 1087 1493 ad
1115 1456 1187 1493 eam

147 1532 326 1582 revertatur
348 1520 505 1604 choragus
533 1523 586 1582 his
612 1524 746 1585 verbise
764 1518 832 1582 νέον
851 1542 878 1579 κ.
899 1538 926 1578 τ.
947 1513 973 1578 l„
1014 1518 1098 1577 Inde
1119 1520 1187 1578 elu-

148 1616 210 1676 cet,
234 1605 323 1683 quod
348 1601 446 1681 ἄνδρα
473 1609 638 1668 collectivi
659 1613 749 1670 vices
774 1606 881 1676 habet,
911 1624 980 1663 non
1006 1622 1087 1683 opus
1116 1622 1187 1685 esse

147 1690 292 1751 articulo.
337 1689 426 1771 Quid
454 1694 582 1752 multa?
608 1691 732 1753 Pauwii
769 1702 803 1750 et
833 1687 972 1755 Siebelis
1005 1686 1187 1766 explanatio

144 1773 251 1834 Schol.
279 1775 317 1835 Β.
344 1773 413 1853 ἤτοι
439 1777 541 1836 πᾶσαν
568 1771 624 1854 τὴν
640 1771 767 1855 νεότητα
801 1765 994 1833 dioscurus
1027 1765 1046 1828 ὁ
1077 1762 1187 1850 θυμός,

142 1862 269 1940 egregie
289 1860 505 1922 confirmatur.
549 1862 726 1925 Nobiscum
740 1860 829 1919 facit
845 1854 1078 1917 Blomfieldiut.

130 1980 133 1986 '
227 1986 258 2028 v.
277 1961 328 2028 14.
371 1964 420 2028 Ad
445 1971 544 2031 verba
572 1963 658 2028 κοῦτε
683 1987 729 2036 τις
754 1959 887 2040 ἄγγελος,
919 1955 1186 2030 cicestriensis

143 2049 278 2111 adnotat
294 2051 454 2111 Botheus=
474 2075 532 2127 „ex
548 2050 827 2133 interpretatione,
854 2070 931 2108 nam
958 2046 1186 2127 intelliguntur

142 2131 302 2213 drycootf‘
365 2135 439 2222 Qua
473 2157 511 2194 ex
542 2154 639 2193 causa
671 2130 774 2193 uodta'
790 2151 839 2201 τις
872 2125 995 2203 ἄγγελος
1017 2134 1184 2210 expunxit.

101 2238 105 2253 .
144 2217 242 2296 Quod
268 2238 345 2278 vero
372 2221 468 2274 nimis
490 2216 641 2284 audacter
660 2228 695 2275 et
714 2215 937 2295 imprudenter
961 2214 1052 2273 fecit.
1101 2216 1185 2277 Nam

143 2295 250 2369 ἱππεὺς
272 2312 321 2360 est
341 2299 534 2377 veredarius,
552 2292 680 2377 ἄγγελος
702 2310 809 2362 autem
829 2297 870 2359 de
889 2299 978 2372 fama
1004 2307 1038 2358 et
1056 2318 1184 2384 rumore

143 2387 330 2467 accipiatur.
783 2389 787 2400 '
1090 2385 1094 2394 '

226 2502 258 2544 v.
284 2476 335 2542 16.
378 2482 521 2561 Ubique,
550 2492 707 2562 quantum
728 2481 888 2553 videmus,
903 2468 1109 2563 ,Ἐκβατάνων
1134 2501 1184 2540 ex·

140 2564 282 2628 bibetur.
328 2565 438 2645 Quum
450 2587 527 2627 vero
547 2588 578 2628 v.
589 2564 650 2629 895
673 2572 710 2627 in
728 2559 998 2648 Aliquantum,
1015 2571 1053 2625 in
1066 2563 1183 2625 oodL.

141 2653 223 2707 etin
245 2649 335 2708 editt.
357 2652 459 2711 Turn.
473 2651 559 2711 vict.
572 2647 689 2725 'Cant.;
708 2645 893 2733 rdusic'roeroe,
913 2655 951 2710 in
965 2649 1052 2709 Med
1065 2643 1183 2729 τᾶγβά·

139 2752 217 2804 rura
237 2743 346 2806 exstet,
366 2745 465 2812 atque
479 2735 715 2817 Wesselingiue
737 2736 782 2818 (p.
791 2735 860 2814 50.)
881 2740 919 2796 in
934 2732 1093 2794 Herodoti
1113 2753 1181 2793 me-

139 2817 276 2886 lioribus
304 2817 470 2878 codicibus
496 2816 582 2879 hanc
608 2841 646 2880 se
672 2824 841 2882 invenisse
866 2824 1060 2901 scripturam
1085 2826 1183 2877 toste-

139 2913 202 2974 tur‚
224 2902 378 2962 Brunckii
404 2913 438 2964 et
463 2901 627 2963 Schuetzii
652 2907 837 2968 sententiae
864 2901 1057 2972 accedimus,
1082 2905 1183 2966 rario-

95 3034 99 3041 .
140 3007 209 3044 rem
231 2988 373 3046 nominis
393 2985 529 3052 formam
549 2991 587 3054 in
603 2999 728 3048 textum
749 3009 820 3052 esse
844 2986 1078 3070 recipiendam.

223 3087 324 3158 v.17.
367 3095 469 3152 Cissia
492 3095 587 3163 urbs,
618 3099 682 3155 sita
706 3099 744 3154 in
772 3116 845 3177 agro
872 3095 1028 3167 Susiano,
1053 3093 1181 3154 diversa

140 3187 210 3236 erat
236 3178 277 3234 ab
304 3176 385 3235 urbe
413 3177 512 3238 Susis.
551 3178 601 3238 cf.
637 3200 667 3239 v.
688 3176 731 3240 96
764 3191 800 3246 et
826 3180 903 3241 vide
930 3178 1110 3246 Stanleium
1146 3188 1181 3236 et

140 3260 383 3322 Blomfieldium
406 3261 500 3321 adh.
523 3261 546 3323 1.
569 3262 619 3322 de
637 3264 745 3324 Cissia
766 3273 971 3346 exponentes.

126 3381 129 3384 '
222 3390 254 3431 v.
275 3366 325 3429 18.
370 3364 442 3450 ἔβαν
464 3369 612 3429 ultimam
631 3369 733 3443 habet
750 3373 883 3439 brevem
889 3391 900 3447 3
926 3390 1104 3451 quaecum
1127 3386 1180 3429 ca-

140 3455 196 3514 dat
216 3458 253 3516 iu
273 3458 440 3534 anapaesti
462 3458 557 3530 arsin,
577 3458 705 3534 signum
727 3468 785 3531 est,
809 3476 938 3518 versum
961 3474 999 3514 eo
1022 3453 1120 3516 verbo
1139 3452 1179 3511 fi-

139 3543 214 3604 niri.
266 3540 382 3617 ltaque
407 3557 531 3609 versus,
562 3543 621 3617 qui
640 3552 832 3619 sequuntur,
857 3541 951 3597 aliter
980 3537 1176 3616 distinguere

139 3628 242 3682 eoacti
262 3644 398 3686 eramus.
442 3620 679 3683 Namcaesura
701 3624 878 3706 producere
890 3619 1176 3699 nequit'ultimam

138 3711 175 3765 in
194 3704 274 3787 ἔβαν.
295 3707 345 3770 Cf.
356 3706 547 3775 Seidlerum,
567 3712 626 3783 qui
646 3709 698 3767 De
720 3728 803 3769 vers.
825 3697 952 3765 dochm.
970 3726 1002 3785 p.
1010 3702 1061 3765 80.
1081 3725 1174 3782 seqq.

140 3791 283 3870 exempla
300 3792 440 3871 collegit,
460 3811 568 3869 neque
580 3801 690 3856 tamen
710 3790 947 3857 animadvertit,
967 3793 1004 3847 in
1016 3788 1084 3848 fine
1103 3808 1175 3850 ver--

138 3894 234 3940 nauus
253 3875 478 3941 mmmmodo
499 3875 702 3940 tolerandam
723 3894 798 3936 esse
816 3894 874 3956 pro
892 3872 989 3953 longa
1015 3872 1174 3956 syllabpm
