2717 4600
589 175 859 237 ..292-

201 369 256 409 ma
273 348 436 408 librorum
461 341 656 402 differentia.
700 343 807 403 Metro
834 331 995 404 evincitur
1023 343 1241 425 adoptandum
1318 359 1324 366 “

203 453 286 503 esse,
308 425 396 511 quod
414 429 592 509 praebcant
612 425 648 485 Α.
669 426 757 486 Med.
778 428 862 486 Rob.

284 579 316 619 v.
338 553 411 617 963.
456 551 601 611 Menum
612 552 755 633 postulat
774 546 875 628 aldor,
892 552 980 633 quoii
999 554 1140 635 produnt
1154 553 1242 612 MSS.

201 646 360 724 quinque,
382 638 542 700 editIones
564 636 657 697 duae.

281 786 313 826 v.
337 759 410 824 966.
455 761 561 824 Schol
588 763 625 823 Β.
651 774 815 834 annotata,
833 757 886 822 καὶ
914 758 1026 832 σθένος
1055 756 1086 821 δ’
1115 755 1241 821 ἕκολοὺ-
1317 777 1323 783 ·

198 848 276 929 riq]
306 848 368 909 τῶν
392 847 531 929 Περσῶν.

271 987 313 1030 .v.
336 961 408 1026 968.
448 957 484 1023 τ’
508 985 533 1036 a(
548 964 711 1024 Brunckio
732 964 819 1023 male
846 966 1028 1025 interlitum
1055 964 1241 1032 recidimus,

198 1049 286 1129 quod
307 1049 496 1108 faciendum
518 1065 588 1108 esse
610 1048 667 1106 alii
687 1053 754 1126 jam
769 1048 931 1109 viderunt.
951 1050 1123 1121 Passovius
1140 1070 1172 1130 p.
1184 1044 1241 1108 58:

198 1132 369 1207 „Affirmat
392 1132 526 1201 Chorus,
555 1152 640 1210 quae
662 1131 784 1191 dixerat
805 1133 940 1193 Xerxes:
970 1133 1075 1192 nudus
1104 1154 1183 1191 sane
1205 1153 1240 1191 es

197 1218 386 1286 satellitum,
405 1226 438 1276 et
457 1219 591 1274 marinis
614 1215 749 1293 quidem
773 1221 949 1276 amicorum
973 1216 1152 1276 cladibus‘fi
1197 1212 1241 1274 At

197 1295 294 1377 φῆων
317 1321 385 1361 non
405 1301 445 1357 ab
473 1295 575 1358 ἄταισι
592 1298 650 1359 sed
683 1294 835 1376 annuntie
861 1301 990 1382 pendet.
1032 1301 1151 1359 Sensus
1173 1311 1241 1360 est:

197 1382 479 1454 „Xar1es:0rbue
500 1403 573 1442 sum
589 1386 755 1442 comitum.
795 1383 936 1443 Chorus:
956 1383 1151 1454 Amicorum,
1174 1386 1239 1442 cla·

197 1468 238 1527 de
265 1470 423 1528 marina“.
452 1471 474 1527 i.
495 1487 523 1528 e.
551 1470 686 1526 comites
718 1478 811 1527 erant
827 1469 927 1528 iidem
953 1468 1013 1529 fidi
1036 1473 1106 1539 viri,
1136 1487 1237 1546 quare

196 1572 308 1613 eorum
329 1557 453 1632 jactura
471 1554 587 1631 ingens
609 1561 658 1610 est
678 1549 854 1612 calamitas.

448 1681 586 1764 stropha
614 1693 648 1742 et
670 1681 871 1764 antistropha
890 1695 987 1744 sexta.

275 2543 306 2584 v.
328 2520 401 2588 969.
446 2521 662 2584 Statuendum
696 2541 767 2580 esse
794 2520 1003 2600 anapaestum
1029 2521 1067 2578 in
1089 2523 1243 2583 trimetro

191 2607 309 2667 melico
334 2607 376 2666 ad
396 2628 428 2673 v.
450 2605 521 2668 526.
543 2608 847 2666 demonstravimus.
893 2604 1007 2660 Parum
1029 2604 1167 2683 elegans
1192 2629 1247 2666 es·

192 2702 243 2750 set
265 2711 303 2750 ea
322 2693 496 2751 verborum
517 2692 751 2772 pronuntiatio,
772 2685 950 2745 secundum
969 2704 1071 2763 quam
1096 2692 1246 2751 vocabu.
1311 2704 1314 2708 ⁴

190 2774 260 2832 lurn
278 2778 388 2832 statim
410 2780 562 2834 iteratum
583 2770 740 2832 diversam
762 2779 926 2848 pateretur
946 2768 1150 2843 mensuram.
1193 2779 1246 2836 In·

189 2859 274 2914 iuria
294 2875 367 2934 ergo
391 2856 478 2915 hunc
499 2875 628 2914 versum
650 2857 792 2912 tentavit
820 2854 1038 2923 HerrnannuS,
1063 2859 1245 2920 emendare

189 2937 383 2997 studuerunt
410 2939 476 2998 alii.
530 2939 579 2996 Ne
608 2933 824 2997 Schneiderus
850 2938 984 3016 quidem
1015 2938 1069 3001 De
1100 2941 1181 3002 dial.
1213 2968 1244 3026 p.

189 3020 241 3083 35.
263 3032 402 3081 metrum
417 3020 586 3082 intellexit.
628 3017 829 3100 Anapaestus
848 3025 987 3081 occurrit
1009 3027 1114 3084 etiam
1131 3026 1213 3091 v.98
1237 3074 1245 3090 .

192 3105 233 3166 ad
255 3126 354 3187 quem
375 3106 450 3167 vide
472 3116 584 3165 notam
605 3115 759 3164 nostram.
1197 3122 1199 3135 ¹

273 3250 306 3293 v.
328 3226 400 3296 970.
442 3230 593 3289 Butlerus
618 3240 652 3289 et
672 3229 843 3290 Passoviua
866 3250 1000 3291 versum
1031 3232 1125 3296 hunc
1156 3250 1242 3301 etv.

143 3374 148 3387 ,
188 3312 262 3381 978.
292 3319 379 3376 inter
403 3336 439 3375 se
466 3323 650 3396 permutare
684 3314 874 3385 voluerunt,
913 3317 1006 3393 quod
1038 3312 1104 3379 etsi
1132 3330 1244 3406 specie
1317 3344 1341 3359 '¹

190 3398 331 3541 φέαᾱαιιι
359 3420 396 3461 se
421 3396 642 3467 commendat,
678 3417 748 3459 nnn
773 3409 884 3460 tamen
912 3408 1142 3466 necessarium
1172 3431 1244 3470 esse

189 3488 223 3544 vi
247 3494 328 3544 etur.
1200 3480 1204 3488 ’

255 3625 304 3681 ‚m
325 3602 398 3673 972.
442 3606 575 3667 Sensus:
611 3606 763 3680 „Donum
795 3608 918 3666 malum
953 3613 1121 3674 malorum
1154 3619 1244 3698 quod

190 3689 284 3751 datur
310 3710 368 3769 pro
395 3696 471 3750 ma‘
491 3698 521 3751 “.
566 3688 762 3753 Abreschius
792 3700 949 3752 annotat:
982 3700 1163 3767 „Ceterum
1191 3726 1242 3764 ca·

189 3770 283 3833 suum
305 3769 359 3831 hic
381 3786 473 3835 notes
495 3775 639 3835 eiusdem
661 3775 814 3836 vocabuli
832 3786 1242 3866 coacervationern,quam

189 3857 383 3938 elegantiam
410 3868 445 3918 et
473 3859 530 3919 alii
551 3859 715 3921 affectant.
757 3859 908 3942 Sophocl.
940 3863 1025 3928 oea.
1049 3869 1121 3935 Col.
1147 3870 1238 3935 1300.
