2717 4600
569 201 834 249 -xlv-

183 371 325 438 choricis
350 369 526 436 restitutio.
577 371 654 454 Qua
680 367 716 432 in
745 388 782 432 re
809 386 949 454 operam
977 367 1157 448 dedimus,
1183 381 1222 436 ut

181 489 306 576 ubique
326 498 434 552 metra
457 472 526 576 ipsi
540 495 737 575 argumento
760 495 869 550 essent
882 497 1114 565 consentanea,
1128 486 1221 576 qood

178 606 280 675 nimis
299 605 410 673 adhuc
428 605 617 694 neglectum
638 580 690 669 est
710 624 729 668 a
745 600 954 691 quibusdam.
998 605 1117 693 Neque
1135 605 1223 670 sran-

179 746 256 812 gere
282 744 382 789 voces
398 723 444 788 ·in
471 742 626 788 versuum
654 720 722 786 fine
752 720 930 798 voluimus,
968 723 1129 809 quoniam
1168 744 1221 788 res

179 842 250 930 ipsa
272 840 443 928 postulare
464 840 646 919 videbatur,
674 851 713 904 ut
741 838 832 906 idem
860 858 994 926 semper
1022 840 1065 904 sit
1091 838 1165 905 linis
1187 852 1222 907 et

63 990 68 999 ·
179 959 271 1024 vocis
297 969 332 1024 et
356 966 478 1027 versus.
519 960 630 1047 Atque
652 957 777 1046 ubique
799 977 910 1021 versus
931 956 1034 1021 tinem
1057 980 1136 1024 cum
1154 956 1220 1024 fine

179 1075 268 1143 vocis
287 1097 470 1163 congruere
490 1075 642 1154 vidimus,
665 1097 734 1140 uno
753 1073 832 1161 loco
853 1070 991 1164 excepto
1011 1100 1041 1140 v.
1064 1072 1117 1140 94.
1152 1074 1219 1141 sed
1307 1058 1315 1067 ”

180 1205 218 1258 ut
239 1194 341 1259 etiam
371 1193 438 1258 hoc
461 1192 537 1259 loco
564 1192 708 1259 fractam
738 1193 900 1259 evitemus
919 1215 1048 1271 vocem,
1077 1214 1163 1280 quae
1184 1193 1220 1257 in

179 1312 265 1377 duos
289 1311 455 1398 descripta
478 1321 556 1375 sunt
579 1333 600 1396 ‘a
627 1309 732 1376 nobis·
751 1332 863 1375 versus
893 1310 928 1374 in
955 1308 1093 1397 stropha
1115 1288 1154 1374 vs
1168 1307 1219 1374 94.

1339 550 1358 707 l

85 1484 89 1487 Α
179 1427 233 1492 95.
256 1404 324 1515 pro
340 1424 423 1492 uno
450 1426 590 1515 longiori
611 1426 707 1492 versu
732 1438 925 1511 asynarteto
949 1428 1101 1514 accipere
1127 1428 1221 1493 mali·

177 1569 268 1624 mus,
303 1545 410 1626 <idem
426 1555 551 1621 autem
582 1544 624 1609 de
652 1569 684 1609 v.
704 1543 756 1615 97.
779 1547 831 1610 98.
860 1545 1087 1633 antistrophae
1117 1547 1219 1626 valet)

177 1664 223 1729 ita
252 1673 290 1727 ut
315 1660 372 1728 hic
401 1648 513 1727 torsus
542 1673 576 1727 et
602 1658 789 1750 systematis
823 1663 906 1727 nihil
939 1664 982 1728 sit
1011 1662 1217 1730 discriminis.

177 1780 359 1846 Caeterum
395 1779 535 1844 minime
567 1802 630 1845 nos
663 1780 762 1869 fugit,
805 1802 908 1869 quam
944 1782 1049 1846 multa
1083 1782 1119 1846 in
1152 1783 1217 1849 hac

175 1897 328 1964 universa
365 1919 403 1961 re
440 1897 567 1963 incerta
602 1897 669 1962 sint
705 1909 739 1964 et
770 1899 812 1964 ab
851 1898 1106 1987 uniuscujusque
1137 1923 1218 1988 pen·

177 2017 280 2081 deant
307 2013 460 2113 arbitrio,
499 2013 609 2080 donec
641 2015 757 2104 aliquis
783 2027 891 2083 certas
922 2028 1021 2105 atque
1052 2017 1218 2083 indubita·
1331 2057 1335 2063 ι

177 2143 230 2198 tas
257 2143 474 2222 systernatum
506 2130 721 2198 choricorum
752 2133 1018 2198 ordinandorum
1054 2136 1215 2223 repererit

143 2276 147 2283 ·
177 2251 312 2339 regulas.
355 2249 471 2336 Quare
497 2248 626 2316 sactum
657 2244 726 2316 esse
745 2251 842 2320 facile
869 2262 995 2339 potest,
1025 2263 1063 2316 ut
1088 2238 1218 2341 inqui-

177 2368 320 2434 b'usdam
355 2366 438 2433 locis
470 2389 547 2431 vera
582 2380 770 2433 metrorum
799 2370 979 2456 descriptio
1019 2393 1081 2433 nos
1115 2371 1218 2435 latue-

175 2486 228 2563 rit,
255 2486 338 2550 dum
365 2484 484 2578 falsam
513 2484 564 2546 vel
584 2484 694 2547 minus
724 2496 838 2572 aptam
859 2486 1152 2572 amplecteremur:
1182 2490 1217 2554 id

176 2602 270 2690 quod
289 2600 369 2664 vitio
392 2599 491 2663 nohis
508 2599 591 2664 verti
613 2600 665 2664 vix
686 2603 818 2687 poterit,
842 2602 1001 2681 simodo,
1030 2606 1120 2691 quod
1143 2628 1217 2693 per-

176 2737 310 2786 suasum
336 2715 436 2781 nobis
463 2715 637 2797 habemus,
670 2718 829 2808 pleraque
862 2731 953 2785 recte
978 2720 1101 2809 digesta
1130 2723 1218 2789 inve·

174 2836 320 2902 niantur.
402 2922 404 2925 Α

131 2996 145 3016 .
183 2993 186 3002 ·
261 2952 328 3018 Sed
355 2974 400 3016 ne
419 2950 456 3015 in
476 2950 635 3018 trimetris
655 2953 792 3042 quidem
817 2955 966 3034 jambicis
994 2976 1047 3021 res
1077 2957 1216 3022 omuino

176 3068 396 3157 ambiguitatis
430 3091 545 3158 expers
578 3082 640 3150 est,
676 3091 782 3159 quum
815 3071 990 3159 longarum
1018 3051 1215 3162 syllabarum

129 3227 134 3236 ··
177 3186 378 3253 solutionem
415 3186 452 3251 in
484 3188 671 3278 antiquiore
704 3175 874 3278 tragoedia
912 3191 1112 3274 rarissimam
1146 3215 1214 3258 esse

178 3305 299 3371 doceat
333 3310 539 3372 Hennanmoe
574 3307 608 3372 in
633 3308 752 3373 -Elem
782 3310 889 3374 doctr.
919 3322 1018 3374 metr.
1055 3334 1127 3399 pag.
1154 3313 1214 3376 123

176 3444 244 3509 seq.
259 3422 349 3510 Epit.
359 3425 472 3522 doctr.
488 3437 585 3493 metr.
602 3448 674 3513 pag.
686 3425 735 3490 59.
779 3425 929 3491 Omnino
943 3438 1057 3493 autem
1070 3429 1111 3493 ab
1133 3429 1217 3494 anti-

178 3541 295 3627 quiore
314 3542 480 3631 tragoedia
505 3543 648 3609 excludit
669 3544 881 3610 Hermannus
902 3569 980 3610 eum
1006 3546 1214 3612 tribrachum

176 3645 239 3748 pro
255 3658 415 3726 trochaeo
431 3662 586 3750 positum,
608 3662 752 3749 quinon
770 3689 809 3729 ex
830 3688 896 3730 una
916 3686 1000 3730 voce
1020 3676 1078 3730 aut
1098 3664 1213 3731 saltem

135 3771 139 3774 “
177 3777 423 3865 praepositione
445 3791 479 3846 et
497 3781 645 3897 nomine,
666 3783 726 3849 sed
739 3783 890 3872 plantus
911 3760 1148 3880 cuiuscumque
1160 3801 1215 3869 ge·
