2717 4600
496 148 842 232 -169-'

104 341 289 420 Χιητιοιιιίιιιιτ
308 354 340 401 v.
362 337 425 403 ,282
447 336 564 401 02288
586 359 691 418 aeque
719 337 761 398 ad
780 336 959 416 Chryseum
989 347 1088 414 atque
1108 334 1150 396 ad

114 426 286 489 Mannum
299 423 479 494 trahantur,
499 423 655 485 officiunt
676 433 709 482 et
729 423 797 482 loci
817 441 931 480 sensus
949 431 982 480 et
995 441 1151 500 gramme·

115 514 190 570 tice.
233 507 337 587 Atqui
356 514 424 590 jam
444 509 609 577 Pauwius,
630 502 767 586 Χρυσεὺς
789 524 908 566 nomen
931 525 1001 564 esse
1023 505 1151 583 gentili-

86 596 90 603 ’
114 586 206 667 tium,
227 612 302 654 vere
318 597 454 653 monuit.
498 592 583 653 Urbs
599 592 721 670 Chryse
737 601 837 651 exstat
855 587 1007 660 inludia,
1026 588 1066 649 de
1084 608 1151 669 qua

113 677 189 739 vide
209 675 318 756 steph.
340 678 415 756 Byr.
446 687 479 737 ot
499 679 537 734 in
558 674 696 744 Troade,
724 675 765 735 de
785 695 851 754 qua
877 673 962 733 coni.
992 673 1087 733 Hom.
1109 670 1151 734 ll.

113 759 143 831 1,
164 757 216 828 37.
241 759 311 824 100.
333 759 405 822 390.
427 753 499 826 431.
522 752 782 825 151111801101.
804 760 840 819 B.
868 778 1018 838 perverse
1040 758 1152 837 legun·

111 840 182 904 turs
202 837 354 925 Χρυσιύς]
373 843 506 923 Ὤιομα.
524 836 709 923 Μάταλλος]
731 839 912 902 Ἐσίθιτσι·
927 863 1000 900 cum
1015 846 1061 900 ita
1076 844 1152 898 scri·

112 928 150 989 bi
170 929 302 989 debeat:
324 924 479 1011 Χροσιύς]
500 924 669 992 'Robinson
691 920 880 1007 Μάταλλος]
897 922 1022 1011 Ὄιομα.
1044 925 1153 1005 Quare

84 1088 85 1095 η
113 1012 204 1092 quod
223 1034 348 1073 comma
365 1015 548 1073 Brunckius
569 1023 603 1070 et
622 1010 812 1070 Schuetzius
830 1021 1018 1090 posuerunt,
1037 1013 1154 1068 σκοτίη·
1196 1078 1208 1088 .

112 1102 171 1178 gui
192 1093 297 1158 debet.
339 1098 516 1157 Nobiscum
536 1094 665 1153 faciunt
685 1094 910 1155 Blomfieldius
931 1105 964 1155 et
983 1095 1152 1153 Porsonus.
1179 1110 1183 1115 ·

27 1229 37 1251 s
80 1287 83 1291 ,
198 1242 231 1286 v.
250 1219 323 1285 285.
368 1221 468 1291 „Post
486 1218 575 1278 huno
593 1240 721 1281 versum
742 1218 852 1279 forsan
868 1221 968 1301 plena
988 1219 1154 1279 distinctio

114 1307 264 1369 tollenda
290 1311 334 1366 sit
354 1316 388 1366 et
408 1309 445 1364 in
466 1324 496 1365 v.
519 1299 580 1368 287
608 1312 682 1383 post
703 1307 756 1381 γῆς
784 1302 1037 1384 interponenda3
1063 1303 1156 1363 dein-

118 1412 194 1472 ceps
223 1401 332 1449 autem
347 1388 543 1531 -lefendum,
571 1382 636 1446 ἐκεῖ
661 1385 829 1465 κατέφθιτο
856 1386 1024 1468 Ἄμηστρις,
1046 1380 1156 1467 Ἀμιρι-

119 1469 221 1555 στρεύς
240 1492 273 1532 τε
293 1495 318 1533 ιι.
339 1492 366 1532 τ.
407 1476 432 1530 .“
475 1473 639 1531 Hactenus
667 1472 904 1545 Blomfieldius,
932 1477 1023 1533 cuius
1051 1484 1156 1532 muta·

119 1561 243 1617 tionem
262 1558 360 1618 valde
377 1557 606 1638 improbamus.
649 1558 773 1638 Nempe
794 1556 905 1620 vivida
931 1557 991 1615 illa
1013 1555 1054 1615 de
1073 1577 1157 1616 mor·

119 1652 154 1700 te
173 1642 303 1701 Manui
324 1646 463 1700 narratio
484 1643 532 1699 ita
548 1640 678 1721 singula
696 1645 913 1722 persequitur,
942 1651 980 1700 ut
1001 1645 1055 1700 vix
1073 1644 1157 1721 cogi·

117 1730 183 1785 tari
200 1730 311 1807 possit,
331 1727 440 1807 plures
459 1720 556 1784 duces
578 1724 693 1785 eodem
713 1725 809 1787 modo
826 1736 971 1786 mortuos
994 1745 1073 1784 esse.
1196 1795 1199 1801 .

203 1872 235 1913 v.
258 1847 330 1915 286.
366 1846 510 1929 ’Ἀρσιθος
530 1849 599 1912 cod.
621 1850 657 1916 B.
677 1823 832 1925 debetur.
845 1873 943 1930 quam
964 1872 1078 1912 vocem
1097 1846 1158 1911 im·

117 1940 235 1999 merito
267 1934 460 2018 adoptarunt
490 1936 692 2008 Brunclrius,
730 1935 917 1997 Schuetzius
945 1946 979 1995 et
1001 1935 1155 1997 Botheus.

108 2015 244 2102 ’Ἀραβος
264 2027 387 2100 optima
407 2019 566 2090 codicum,
586 2018 694 2084 Schol.
716 2016 757 2084 A.
781 2031 815 2079 et
839 2019 997 2083 editorum
1022 2023 1159 2082 auctori-

115 2114 187 2163 tate
215 2104 468 2163 commendatur.
497 2103 605 2166 Schol.
629 2100 666 2166 A.
695 2103 859 2163 observat:
888 2101 1004 2173 Μάγος
1030 2097 1159 2179 aestuis,

109 2183 253 2267 ’Ἄραβος
274 2180 386 2264 κύριοι.
417 2186 459 2243 In
480 2183 542 2249 Ox.
556 2182 634 2244 *Ala
662 2198 697 2247 et
714 2186 797 2246 Rob.
815 2182 971 2269 ’Ἀρραβος
990 2192 1158 2268 reperitur,

117 2272 211 2350 quod
227 2270 315 2331 unde
339 2278 452 2331 natum
482 2275 535 2341 sit,
561 2268 660 2329 facile
683 2284 732 2332 est
757 2271 938 2337 intellectu.
960 2305 1002 2318 -
1043 2273 1159 2343 Μᾶγος

116 2375 242 2416 nomen
261 2357 460 2436 gentilitium
481 2373 552 2415 esse
577 2376 595 2413 e
614 2354 722 2419 Schol.
740 2353 777 2414 A.
801 2367 900 2435 patet.
930 2356 1025 2419 Conf.
1047 2357 1158 2439 steph.

118 2435 164 2499 de
186 2441 264 2500 Urb.
293 2460 325 2501 v.
348 2440 461 2513 Μαμία
487 2451 520 2499 et
538 2438 656 2500 Herod.
676 2440 702 2511 1,
721 2437 791 2498 101.
836 2441 925 2520 Magi
944 2462 1062 2523 nempe
1078 2453 1160 2503 sunt

116 2523 296 2584 Medorum
316 2543 404 2603 gens.
425 2528 479 2570 -'
509 2522 734 2583 Blomfieldius
755 2527 827 2584 sine
846 2545 942 2584 causa
963 2527 1161 2606 gentilitium

116 2603 275 2688 Βάκτριος
297 2608 462 2678 sollicitat,
484 2611 575 2670 cuius
602 2608 770 2668 inlocum
789 2602 933 2679 Κάσσιος
954 2609 1011 2669 vel
1029 2605 1161 2679 Βούδιος

115 2693 317 2752 substituere
333 2692 425 2754 velit.
464 2694 577 2756 Plures
597 2695 695 2752 enim‘
708 2692 805 2752 duces
828 2714 865 2753 ex
885 2695 1063 2754 clarissima
1084 2697 1162 2754 Bac·

115 2781 302 2837 triariorum
322 2788 418 2857 gente
438 2797 508 2838 esse
529 2787 688 2859 poterant.

208 2922 239 2963 v.
259 2899 332 2962 288.
381 2901 550 2962 Nescimus
580 2901 661 2981 quid
695 2897 910 2975 Brunckium,
948 2903 1163 2979 Schuetzium,

116 2987 311 3058 Porsonum,
332 2983 574 3048 Blomfieldium
601 2998 635 3064 et
652 2985 810 3045 Botheum
833 2990 981 3057 moverit,
998 2982 1164 3067 ’Ἄμηστρις

21 3077 23 3080 ’
47 3075 50 3084 ’
117 3081 161 3130 ut
182 3072 370 3137 scriberent,
392 3069 480 3149 quod
496 3088 617 3129 nomen
637 3067 729 3128 nullo
741 3073 779 3133 in
799 3070 920 3140 codice,
933 3072 1026 3131 nulla
1046 3078 1082 3131 in
1097 3072 1165 3132 edi·

116 3159 216 3215 tione
245 3156 381 3231 antiqua
407 3158 554 3214 occurrit.
603 3151 774 3212 Editiones
803 3166 878 3214 ante
904 3155 1103 3215 Brunckium
1130 3169 1164 3214 0¹·

116 3258 218 3299 mnes
239 3231 549 3318 produnt’'Aptorpt<;‚
568 3235 656 3302 idem
677 3233 782 3297 Schob
804 3237 840 3301 Β.
864 3239 989 3299 codices
1011 3241 1105 3322 Regii
1124 3237 1162 3302 A.

115 3321 160 3382 Β.
187 3320 243 3384 Ox.
268 3322 361 3381 Cant.
386 3316 413 3379 1.
442 3330 476 3378 et
497 3320 585 3403 quod
611 3324 811 3406 suspicamur
832 3340 954 3392 omnes,
983 3341 1065 3404 quos
1087 3326 1163 3382 reti-

118 3417 179 3466 cet
199 3404 360 3464 Butlerus.
387 3396 550 3484 ’Ἀμίστρης
578 3409 717 3465 occurrit
743 3410 781 3464 in
810 3405 918 3467 Guelf.
946 3417 979 3467 et
1004 3406 1041 3464 L.
1078 3413 1163 3485 quae

117 3491 228 3550 altera
246 3492 389 3552 nominis
409 3486 514 3550 forma
534 3499 679 3550 contorte
701 3492 816 3550 iterata
836 3502 885 3550 est
903 3512 939 3549 ox
955 3510 985 3551 r.
1007 3489 1059 3551 22.

209 3637 241 3677 v.
262 3610 335 3678 289.
377 3614 429 3675 De
450 3617 490 3675 iis
513 3635 598 3694 quae
616 3614 777 3676 Porsonus
804 3620 841 3675 in
863 3615 973 3697 Suppl.
1001 3617 1041 3678 ad
1062 3617 1163 3699 'praefi

120 3696 169 3758 ad
182 3698 292 3780 Eurip.
308 3698 387 3760 Hac.
410 3719 442 3779 p.
453 3696 495 3759 88
518 3710 630 3759 contra
646 3697 679 3757 h.
699 3722 731 3760 v.
745 3704 890 3773 'monuit
913 3702 1076 3782 praeclare
1097 3707 1162 3779 jam

118 3780 250 3862 judicat
269 3783 476 3844 Hermannus
495 3787 533 3844 in
544 3783 649 3844 Elam.
656 3782 762 3845 doctr.
781 3795 874 3844 metr.
893 3806 924 3866 p.
936 3782 1009 3845 116.
1029 3787 1162 3865 eaEpit.

122 3864 233 3927 doctr.
253 3876 345 3935 matr.
361 3889 393 3950 p.
414 3863 464 3938 57.
506 3865 699 3934 Addeudum
717 3879 777 3939 est,
795 3868 902 3932 Sel-01.
909 3867 957 3931 Α
980 3872 1163 3954 explicatio·
