2717 4600
479 188 752 256 -147-÷

246 457 334 542 ppt&
346 430 372 521 εδ
397 384 580 544 στράτευμά.
595 356 698 520 νδάδόῖάν
718 447 738 551 ᾖ
757 455 795 518 τὸ
816 453 965 538 Μηδικόν.

548 600 581 638 v.
608 573 682 644 757.

243 670 417 758 βλέψαντα·
439 673 590 757 συμβαίνει
609 670 669 756 γὰρ
692 666 740 749 οὔ,ι
758 668 799 733 τὰ
820 667 872 751 μὲν
892 669 932 732 τὰ
952 667 986 733 δ’
1008 669 1053 734 οδ.
1096 740 1098 745 .

54 778 57 789 ¹
99 789 135 855 οδ
157 815 224 855 non
249 794 290 854 ad
309 789 351 855 τά
372 789 433 872 μέν,
454 792 511 852 sed
530 791 569 852 ad
589 788 739 873 συμβαίνει
750 790 878 852 trahere
901 802 1035 874 oportet.
1063 793 1137 875 Quo

97 891 189 963 pacto
211 889 286 961 post
308 874 345 938 οὗ
368 881 550 939 necessaria
570 887 619 936 est
638 880 765 936 incisio.

558 1015 589 1055 v.
601 989 674 1054 805.

247 1085 435 1162 ὑπαντιάζειν
453 1083 539 1169 παιδὶ
553 1087 614 1167 ἐμῷ
631 1081 822 1177 πειράσομαι.

98 1202 283 1272 Occurrunt
302 1210 359 1269 alii
378 1228 503 1277 versus,
529 1211 588 1286 qui
610 1205 847 1292 dubitationem
868 1219 1031 1279 moveant,
1060 1231 1141 1290 quo·

97 1297 192 1356 modo
220 1300 287 1354 siut
317 1292 461 1373 legendi.
511 1291 666 1372 Exempla
699 1294 769 1350 eius
802 1295 853 1350 rei
889 1313 1059 1372 apponam.
1098 1296 1141 1353 'ln

98 1402 194 1443 versu
213 1377 286 1438 268.
782 1436 784 1441 ,

241 1456 344 1540 Ἐμοῖς
366 1452 418 1538 μὲν
439 1451 526 1527 εἶπας
547 1449 678 1536 δώμασιν
701 1451 783 1533 φάος
803 1455 889 1536 μέγα.

102 1585 257 1659 quoniam
284 1574 365 1656 ἐμοῖς
391 1569 523 1654 δάμασεν
548 1581 665 1635 arctius
689 1575 913 1636 connectenda
938 1588 1016 1637 sunt
1043 1602 1142 1658 quam

101 1660 185 1735 εἶπας
205 1658 286 1740 φάος
313 1658 397 1739 μέγα,
420 1678 550 1720 caesura
576 1655 792 1741 πενθημιμερὴς
818 1665 872 1722 vix
899 1660 1047 1725 adhiberi
1071 1676 1142 1745 pot·

102 1760 159 1810 est.
200 1748 243 1807 In
270 1767 365 1808 versu
388 1739 459 1810 477·
485 1766 582 1807 voces
597 1738 685 1823 μόγις
708 1738 815 1821 πολλῷ
832 1739 916 1817 πόνῳ
948 1766 1042 1831 aegre
1069 1759 1142 1809 tan·

99 1845 169 1893 turn
194 1844 228 1892 et
247 1833 445 1891 inconcinne
468 1831 671 1912 copulantur.
714 1829 839 1890 Melius
866 1824 951 1907 μόγις
978 1833 1018 1891 ad
1045 1829 1143 1914 περά-

98 1935 212 1993 σαντες,
232 1938 269 1976 ae
286 1908 391 1993 πολλῷ
409 1909 494 1992 πόνῳ
519 1912 565 1974 εδ
578 1911 701 1990 ἥκουσιν
722 1914 833 1988 refers,
856 1934 957 1994 quare
970 1920 1017 1975 sic
1036 1917 1141 1999 lagasz

269 2006 389 2102 Θρῄκην
410 2002 594 2094 περάσαντες
614 2005 698 2089 μόγις
721 2006 740 2093 ΙΙ
763 2003 869 2089 πολλῷ
888 2003 973 2089 πόνῳ

266 2092 389 2174 ἥκουσιν
409 2117 435 2154 κ.
457 2115 483 2154 τ.
503 2089 530 2152 λ.

552 2198 584 2237 v.
614 2172 687 2243 737.

267 2271 378 2357 Ξέρξης
399 2268 430 2334 δ’
450 2270 519 2358 {poc
537 2276 618 2350 παῖς,
635 2268 769 2349 ιδννέος,
782 2269 844 2333 νέα
863 2278 974 2355 φρονεῖ.

94 2396 195 2455 Licet
214 2404 289 2475 post
307 2396 379 2462 παῖς
400 2393 503 2453 incidi
522 2396 636 2474 possit,
665 2393 707 2452 ob
728 2391 949 2472 gradationem
976 2404 1087 2456 tamen
1110 2419 1143 2459 e·

94 2482 330 2548 nuntiationis,
358 2482 412 2539 cui
440 2480 624 2538 inserviunt
652 2474 812 2555 adjectiva
839 2472 905 2544 νέος
934 2473 996 2554 νέα,
1023 2481 1142 2541 melius

91 2575 180 2647 puto
204 2567 375 2644 aptiusque
393 2567 431 2621 in
448 2561 517 2621 fine
534 2559 626 2641 pedis
650 2564 759 2637 quarti
780 2579 945 2620 caesuram
966 2570 1143 2627 constitua-

91 2670 184 2709 mus.
211 2649 418 2727 Langeus..-
447 2645 553 2704 Schol.
568 2640 611 2702 Α.
623 2640 725 2703 ἰστέον
745 2637 779 2701 δὲ
798 2640 846 2702 ὅτι
867 2638 978 2715 Ἰάονες
998 2644 1030 2706 οἱ
1049 2643 1150 2725 lirin-¹

92 2738 182 2794 ναῖοι
202 2725 347 2807 λέγονται,
368 2727 401 2788 ἔκ
420 2749 500 2798 τινος
517 2722 635 2796 Ἰάονος
655 2722 887 2805 βασιλεύσαντος
914 2724 1024 2790 αὐτῶν.
1060 2733 1143 2793 Eru-

9 2845 10 2848 ¹
94 2819 170 2878 dite
191 2815 231 2874 de
253 2836 334 2877 voce
353 2808 476 2873 Ἰαόνων
494 2814 624 2874 disserit
642 2812 760 2872 Blomf.
779 2815 816 2869 in
836 2813 940 2873 Gloss‘.
962 2809 1053 2875 adh.
1075 2818 1099 2878 l.

186 2962 217 3002 ν.
238 2937 307 3001 151.
340 2931 462 2999 τοιόνδε.
483 2939 691 3020 „Numquam
705 2941 867 2998 somnium
883 2937 941 2999 toli
961 2938 1051 3000 modo
1070 2963 1144 3024 per-

93 3031 251 3109 spicuum
271 3021 372 3084 ridi.“

186 3164 217 3202 v.
237 3137 308 3201 153.
340 3141 455 3199 Poetas
478 3133 677 3217 antiquiores
699 3139 907 3213 tribrachum,
928 3145 987 3219 qui
1002 3163 1062 3222 pro
1079 3154 1144 3204 tro·

93 3228 205 3290 chaeo
222 3235 281 3294 est,
301 3246 368 3284 una
388 3245 469 3285 voce
490 3235 548 3286 aut
567 3223 683 3281 saltem
704 3228 943 3303 praepositione
959 3236 991 3284 et
1010 3231 1144 3288 nomine

93 3309 398 3390 comprehendisse,
419 3308 530 3367 docuit
551 3308 660 3366 Herm.
683 3311 719 3366 in
740 3303 845 3368 Elem.
871 3308 971 3369 doctr.
995 3321 1087 3371 metr.
1109 3332 1142 3392 p.

93 3389 166 3456 124
186 3405 220 3453 et
240 3398 275 3452 in
296 3394 383 3474 Epit.
404 3391 503 3451 doctr.
527 3401 619 3451 metr.
647 3412 681 3471 p.
700 3388 750 3451 59.
790 3388 833 3451 At
852 3413 1002 3453 veremur
1030 3405 1068 3453 ut
1094 3416 1145 3456 re·

92 3493 166 3541 cte.
188 3477 309 3537 Confer
326 3498 411 3556 quae
431 3480 469 3535 in
482 3471 685 3535 Praefatione
706 3487 815 3535 nostra
836 3476 876 3535 de
898 3474 1060 3537 tribracho
1075 3500 1144 3540 mo·

9 3593 11 3596 ·
93 3567 263 3625 unimus·
293 3561 418 3642 Quodsi
440 3560 499 3632 hiox
517 3560 608 3621 locus
638 3581 675 3619 ex
695 3560 876 3619 Hermanni
898 3560 1008 3640 regula
1026 3560 1145 3642 dijudi-

94 3647 228 3707 candus
238 3658 333 3715 esset,
342 3646 467 3704 Salvint
479 3644 662 3704 emendatio
677 3655 889 3724 coaptaretur,
899 3665 1032 3704 necesse
1042 3659 1145 3711 assata

93 3726 252 3800 ἐδοξάτην
274 3724 336 3788 δύω
357 3723 474 3802 γυναῖκ’
496 3724 628 3804 εὐείμονε.
670 3726 779 3807 Atque
793 3723 852 3804 μοὶ
875 3726 965 3788 deest
983 3733 1023 3789 in
1040 3732 1145 3792 Medi·

93 3834 178 3882 σεο,
199 3836 295 3891 quem
314 3825 426 3874 tamen
447 3812 591 3873 codicem
617 3824 736 3891 aequat
753 3810 951 3872 Scholiastae
971 3811 1009 3873 Α
1039 3826 1073 3875 et
1094 3836 1145 3876 oa·

89 3913 250 3961 tororum
270 3899 425 3959 librorum
445 3901 629 3967 auctoritas,
642 3918 708 3974 qua
725 3892 992 4038 poinqfenditur.
1034 3900 1145 3959 Facile
