2717 4600
430 153 677 224 '-·-.1sr
729 188 780 206 -
882 188 885 195 ,

22 403 24 409 .
129 362 197 413 tem
216 343 250 412 τ’
272 359 348 412 ante
367 344 592 428 Αἰγοπνογενὴς
608 334 713 409 inieci
734 345 875 408 deberet.
913 344 1023 409 Etiam
1041 371 1170 433 compa-
1214 350 1217 353 ’

78 438 83 445 ’
121 441 213 497 7τοῑίο
234 440 442 515 sequentium
468 434 587 496 ducum
608 431 837 514 Aegyptiorum
864 431 968 502 docet,
994 439 1170 495 accuratio·

129 541 200 581 rem
220 519 479 589 distinctionem,
504 522 597 580 cuius
622 514 761 601 Aegypti
784 521 884 598 partis
913 537 968 576 rer
995 522 1039 577 sit
1066 520 1169 579 Susis·

121 624 245 676 ,canem
277 603 462 668 desiderari.
511 603 608 684 Quae
630 622 706 662 cum
732 605 778 661 ita
802 606 885 672 sint,
921 621 995 663 cum
1023 602 1170 682 Stanlejo

131 689 330 748 scholiorum
351 689 527 748 lectionem
545 686 824 766 amplecteremur,
847 690 876 744 si
895 688 997 756 ταγῶν
1016 690 1172 747 accusati·

130 793 211 833 rum
230 767 329 848 πηγὰς
346 782 521 853 pateretur.
556 770 717 851 Quocirca
744 773 905 849 genitivus
930 770 1029 848 πηγαῖς
1053 766 1172 831 arride·

131 867 193 928 ret,
220 859 293 929 nisi,
323 857 415 915 illam
433 860 598 936 regionem
617 849 699 932 πηγὴ
720 857 758 914 iu
779 854 936 933 singulari
952 866 1099 916 vocatam
1123 877 1172 915 es·

125 943 315 1012 samarita
328 937 480 1000 ¹dubitari
497 949 616 1021 posset.
659 936 794 1009 Accedit
821 937 910 1015 quod
938 937 1047 998 dorica
1066 939 1173 999 forma

133 1029 317 1107 anapaestis
336 1023 520 1103 tragoediae
539 1043 607 1083 non
625 1026 672 1082 ita
693 1026 866 1084 convenit.
898 1022 1014 1100 Neque
1033 1023 1171 1083 Siebelis

132 1111 180 1190 (p.
206 1106 289 1182 119.)
308 1113 492 1188 conjectura
510 1102 618 1183 selenc
635 1104 740 1179 ταγῶν
755 1105 851 1185 digna
865 1116 915 1164 est
932 1126 1018 1183 quae
1037 1111 1174 1188 recipia-

132 1205 196 1258 tur.
237 1193 369 1251 Etenim
391 1194 421 1251 si
447 1191 488 1251 de
509 1193 708 1269 correctione
730 1186 936 1270 cogitandum
959 1201 1044 1250 esset
1069 1191 1175 1268 πνγγοῖν

124 1277 234 1348 ’ταγῶν
250 1280 382 1357 propius
403 1297 421 1335 a
441 1277 571 1355 vulgata
591 1276 726 1334 abesset.
766 1273 854 1353 Quid
868 1273 989 1333 multa?
1006 1275 1175 1353 Πηγαστα-
1250 1334 1251 1337 ,

133 1358 196 1436 γὼν
226 1370 276 1421 est
305 1381 426 1419 nomen
452 1360 685 1441 appellativum
720 1358 760 1417 ab
783 1349 942 1435 Aeschylo
979 1379 1063 1419 novo
1094 1379 1175 1418 ausu

70 1440 75 1447 Χ
136 1449 348 1526 compositum
380 1461 418 1504 ex
434 1439 530 1520 πηγαὶ
558 1453 592 1502 et
611 1446 718 1513 ταγεῖν.
759 1440 965 1520 significatur
991 1441 1050 1500 hoc
1075 1444 1174 1504 verbo

130 1533 175 1603 is,
194 1532 252 1606 qui
271 1530 490 1610 principatum
512 1537 605 1587 tenet
630 1526 720 1584 illius
739 1523 881 1607 Aegypti
907 1546 965 1584 seu
982 1523 1176 1606 Aethiopiae

136 1617 285 1693 regionis,
303 1617 340 1670 in
360 1632 425 1690 qua
451 1618 529 1670 sunt
549 1610 658 1669 fontes
679 1610 757 1668 Nili.
779 1641 824 1652 -
850 1609 911 1667 Pro
932 1606 1177 1686 Αἱγοπτιογενὴς,

136 1718 222 1776 quae
242 1697 328 1755 male
345 1695 423 1755 ficta
445 1706 495 1754 est
512 1695 627 1764 forma,
646 1693 725 1752 libri
747 1696 862 1774 optimi
878 1690 1103 1769 Αἰγυπτογενὴς
1128 1693 1177 1753 of-

40 1801 41 1804 ’
134 1782 257 1851 feurnt,
283 1780 371 1859 quod
400 1779 593 1840 reduiimus.
628 1777 678 1838 Cf.
701 1779 812 1837 Herm.
838 1778 890 1836 De
912 1777 1039 1850 emend.
1060 1788 1122 1841 rat.
1143 1799 1174 1858 p.

124 1859 186 1927 ’34
208 1865 331 1925 Butler.
360 1864 400 1925 ad
419 1864 452 1925 h.
473 1864 495 1924 1.
513 1873 562 1943 'et
580 1861 709 1923 Passov.
730 1861 811 1925 Mel.
833 1881 876 1922 cr.
902 1865 944 1920 in·
958 1862 1045 1923 Pers.
1067 1883 1100 1943 p.
1123 1854 1175 1922 42.

127 1950 195 2012 ,ubi
214 1948 378 2018 Brunckii,
394 1948 558 2008 Schuetaii
575 1956 608 2007 et
619 1947 799 2008 Wellaueri
815 1946 1014 2024 (Commeat.
1024 1944 1175 2026 Aeschyl.

134 2053 169 2114 p.
192 2029 259 2110 26.)
287 2052 408 2091 errores
436 2030 640 2111 deteguntur.
690 2030 814 2090 Eadem
842 2029 948 2090 forma
978 2035 1116 2090 occurrit
1139 2035 1177 2090 in

137 2116 250 2196 suppl.
270 2135 301 2176 v.
321 2113 371 2174 31.
394 2112 486 2174 1059.
501 2145 545 2158 -
565 2113 707 2172 Botheus
728 2133 855 2172 versum
873 2117 1026 2173 mutavit:
1046 2109 1081 2171 τ’
1101 2111 1179 2192 ἤγα-

139 2217 172 2267 ος
193 2216 247 2256 τον
269 2190 364 2268 ἀγῶν’
385 2190 627 2273 Αἰγυπτογενής·
652 2194 688 2254 id
709 2195 798 2275 quod
821 2196 967 2254 attulisse
984 2197 1116 2259 sufficit.
1163 2194 1185 2283 J
1274 2190 1288 2207 ”

223 2343 254 2383 v.
271 2313 322 2381 40.
361 2321 431 2381 Vox
449 2311 622 2401 ἑλειοβᾶτνγς
642 2323 776 2383 nonnisi
803 2320 889 2401 apud
908 2320 1107 2400 Aeschylum
1128 2344 1182 2384 oc·

141 2410 251 2468 currit.
294 2399 499 2466 Paludicolae
515 2404 688 2466 fortissimi
706 2415 799 2464 erant
812 2406 1057 2486 Aegyptiorum.
1092 2407 1182 2467 Thu·

140 2492 212 2570 cyd.
236 2489 263 2550 l.
286 2487 368 2552 ilO..
384 2488 435 2548 ef.
457 2500 624 2570 praeterea
646 2488 755 2552 schol.
765 2486 802 2550 A.
825 2486 977 2552 Abresch.
999 2490 1118 2553 Blomt
1141 2492 1182 2553 ad

138 2574 171 2638 h.
196 2575 220 2635 l.
242 2584 276 2645 et
295 2570 482 2664 Popponem
507 2572 548 2632 ad
567 2571 714 2652 Thucyd.
736 2573 773 2633 P.
792 2573 836 2634 ΙΙ.
861 2566 988 2656 poliri.

221 2719 254 2760 v.
277 2692 328 2760 43.
349 2690 399 2758 44.
437 2697 626 2780 Sohueisius
647 2704 798 2762 annotatt
820 2699 914 2769 „Etsi
929 2697 1010 2762 haec
1031 2703 1183 2784 explicari

128 2794 284 2867 possunt,
302 2787 332 2842 si
352 2779 480 2860 κατέχειν
498 2779 589 2851 ἔθνος
602 2783 797 2843 insolentius
817 2783 941 2844 dictum
959 2791 1003 2846 sit
1013 2807 1070 2867 pro
1085 2798 1182 2865 gente

140 2869 251 2945 aliqua
277 2871 438 2929 contineri
463 2868 523 2939 <ita
548 2887 644 2928 nemo
668 2868 764 2945 loqui
791 2872 922 2948 potest),
957 2870 1040 2931 mihi
1071 2881 1184 2931 tamen

138 2951 349 3013 verisimilius
382 2961 449 3020 est,
488 2951 660 3013 articulum
692 2947 764 3020 τοὺς
794 2962 870 3012 ante
897 2950 1108 3031 Μιτραγαθὴς
1142 2958 1182 3015 ab

47 3109 54 3118 .
142 3035 251 3097 aliena
271 3054 372 3102 manu
390 3038 559 3104 insertum,
579 3031 778 3114 Aeschylum
800 3047 910 3100 οιιῒοπι
933 3042 982 3099 ita
1001 3043 1183 3120 scripsisse:

443 3116 477 3175 οἵ
491 3114 523 3178 τ’
546 3114 655 3176 ἐπίπαν
675 3113 858 3198 ἠπειρογενὲς

342 3196 514 3282 καςέχονοιν
533 3197 624 3270 ἔθνος
651 3199 860 3283 Μιτραγαθὴς

340 3279 459 3367 Ἀρκεύς
477 3280 511 3343 τ’
533 3279 657 3361 ἀγαθὸς
676 3280 800 3375 sicori-pic
821 3282 952 3348 ὃίοποι.“

11 3361 17 3376 '
38 3400 70 3416 ,-
132 3370 187 3433 'At
208 3391 368 3446 veremur,
388 3389 431 3430 ue
450 3368 623 3429 refutanda
641 3374 685 3429 sit
706 3391 745 3430 ea
757 3370 950 3433 emendatio.
971 3373 1054 3432 Nam
1074 3380 1185 3437 omnia

141 3460 227 3517 bene
254 3456 386 3514 habent.
427 3454 532 3513 Primo
556 3475 613 3535 pro
647 3453 681 3512 οἵ
701 3450 734 3513 τ’
762 3457 892 3537 vulgata
930 3467 980 3515 est
1001 3460 1185 3521 revocanda

142 3535 205 3602 οἵτ’,
233 3540 277 3617 (v.
306 3536 379 3602 Ald.
409 3538 516 3600 Schol.
535 3535 573 3598 A.
598 3548 631 3599 et
651 3538 777 3615 Stanl),
804 3562 881 3599 cum
907 3543 943 3599 in
970 3547 1184 3619 sequentihus

6 3624 9 3639 '
96 3651 99 3657 ·
134 3645 194 3686 ,res
214 3628 350 3684 minime
371 3643 465 3692 nova,
492 3622 550 3681 sed
572 3622 741 3702 explicatio
768 3634 895 3684 tantum
923 3626 1185 3688 antecedentium

147 3709 324 3786 adjiciatur.
365 3701 702 3787 Deinde'sinupoyavic
726 3704 817 3775 ἔθνος
838 3712 1058 3770 nominativus
1089 3733 1187 3794 appo·

146 3794 287 3877 eitionis,
311 3812 396 3869 quae
423 3791 464 3851 ad
495 3784 558 3849 οἵτ’
581 3802 716 3871 spectat,
739 3812 874 3852 munere
900 3791 1059 3876 fungitur,
1088 3809 1186 3873 atque

135 3870 254 3948 ‚innon
274 3874 470 3960 adverbium,
487 3875 575 3955 quod
592 3870 743 3948 serviliis
766 3880 995 3959 interpretatur
1012 3877 1121 3951 schol.
1136 3880 1187 3951 Β..
