2717 4600
308 748 479 833 Stropham
501 756 535 807 et
555 740 791 825 antistropham
817 744 855 800 iu
873 740 955 802 bina
979 738 1199 825 dispersimus
1221 762 1273 821 sy·
1333 803 1334 810 χ

225 844 372 896 sternata.
409 834 502 893 Prius
522 831 641 911 incipit
659 825 801 887 iambico
821 845 927 896 versu,
946 826 1093 909 procedit
1115 838 1149 888 et
1173 825 1274 886 adau·
1333 861 1334 866 κ

224 930 318 1005 gatus
344 922 382 979 in
410 918 652 998 anapaestieum
677 929 862 981 numerum,
890 913 949 992 qui
983 931 1056 972 mor
1082 932 1160 971 cum
1190 913 1274 972 anti·
1333 923 1334 978 ς

226 1007 364 1086 spastico
384 1002 570 1063 alternatur.
613 997 655 1055 ln
671 997 850 1077 posteriore
865 992 1045 1056 dochmiaci
1065 1007 1183 1057 versus
1198 1016 1272 1054 cum

227 1089 444 1168 antispasticis
481 1080 744 1151 confunduntur,
780 1088 916 1159 cognato
951 1097 1105 1140 versuum
1139 1099 1270 1159 genere,

227 1191 337 1250 neque
357 1171 398 1229 ab
419 1189 456 1230 re
481 1178 539 1240 est,
564 1165 723 1226 dochmits
749 1164 886 1234 iambos,
911 1162 1082 1245 spondeos,
1109 1161 1272 1241 dactylos,

226 1254 382 1315 molossos
408 1263 442 1315 et
476 1255 617 1330 integros
645 1257 865 1310 monometros
897 1247 1054 1310 iambicos
1089 1249 1270 1329 praemitti.

226 1335 430 1399 Monendum
460 1334 603 1416 denique
627 1343 692 1407 est,
720 1332 900 1398 solut10nes
928 1331 1098 1413 longarum
1127 1342 1164 1392 et
1199 1351 1271 1391 oon-

226 1426 402 1488 tractiones
423 1422 572 1484 brevium
593 1416 790 1497 syllabarum
811 1412 963 1476 hocloco
984 1436 1055 1476 esse
1076 1419 1270 1497 aptissimas.

223 1571 225 1578 ι
311 1535 355 1597 In
380 1536 454 1597 loco
481 1543 591 1596 nostro
611 1530 812 1596 recemendo
830 1542 924 1592 erant
948 1552 1029 1596 saue
1050 1533 1218 1596 nonrmlla
1236 1553 1270 1593 er

229 1624 416 1683 coniectura
436 1617 648 1689 restituenda,
674 1616 816 1697 plurima
839 1626 952 1680 tamen
978 1637 1015 1677 ex
1041 1617 1134 1680 libris
1163 1618 1268 1678 bonae

229 1716 327 1766 notae
354 1703 549 1767 reducenda.
589 1702 682 1783 Quae
712 1719 750 1759 er
776 1703 962 1760 coniectura
992 1711 1049 1761 eut
1073 1711 1187 1761 nostra
1216 1711 1267 1761 aut

229 1788 366 1850 aliorum
392 1793 494 1848 texui
513 1785 698 1854 intulimus,
726 1788 773 1844 ita
791 1793 869 1844 sunt
896 1784 1147 1856 accommodata,
1173 1797 1265 1847 ntea

227 1892 286 1959 pro
312 1872 489 1936 lenissimis
513 1869 751 1930 mutationibus
783 1885 948 1949 quemque
972 1866 1161 1928 habitururn
1188 1891 1262 1941 esse,

230 1954 433 2016 confidenter
454 1974 630 2037 speremus.
671 1951 737 2014 Sed
768 1970 886 2031 operae
907 1972 978 2014 non
1004 1955 1145 2033 pretium
1170 1964 1255 2025 esset,

230 2042 259 2099 si
279 2043 460 2099 tentamina
481 2050 516 2101 et
535 2040 755 2119 experimenta
779 2039 965 2097 criticorum
996 2036 1124 2117 singula
1146 2041 1254 2095 mmi-

203 2143 382 2183 *naremus
406 2134 440 2183 et
463 2122 687 2183 refutaremus.
730 2118 773 2181 In
804 2140 842 2180 eo
869 2124 1073 2201 potissimum
1096 2130 1250 2201 peccarunt

230 2211 362 2291 priores,
386 2206 475 2287 quod
496 2204 740 2268 emendationes
762 2206 860 2262 nimis
891 2201 1027 2265 audaces
1056 2203 1178 2264 inferre
1196 2207 1258 2262 ausi

231 2300 320 2365 sunt,
344 2303 377 2353 et
405 2302 507 2357 metra
534 2292 711 2353 commenti
743 2298 822 2348 sunt
847 2292 1035 2373 saepissime
1064 2287 1209 2349 inaudita
1233 2297 1262 2347 at

231 2376 331 2456 plane
354 2376 454 2435 nulla.
495 2375 559 2436 Sed
578 2374 632 2434 hic
653 2385 690 2434 ut
708 2372 791 2435 elias
813 2376 918 2433 omnis
937 2376 1083 2441 recensio
1114 2392 1151 2435 ex
1176 2372 1264 2431 libris

232 2459 326 2521 MSS.
339 2459 471 2541 pendet,
485 2480 596 2539 neque
617 2458 658 2519 ab
677 2460 720 2517 iis
742 2457 962 2518 recedendum
974 2468 1038 2529 est,·
1054 2459 1122 2517 nisi
1142 2458 1267 2518 lenissi-

231 2547 431 2604 moratione
451 2553 484 2606 et
504 2545 701 2625 gravissimis
729 2541 770 2601 de
791 2545 905 2607 causis.

315 2660 407 2721 Iusta
429 2670 463 2720 et
484 2659 657 2720 artificiosa
702 2676 888 2721 arsenarum
916 2657 1101 2719 distributio
1128 2658 1272 2740 postula·

232 2746 293 2815 vit,
313 2754 352 2805 ut
369 2764 402 2806 v.
415 2740 488 2805 921.
502 2735 574 2804 934
595 2772 640 2788 -
659 2678 723 2802 996
746 2740 852 2802 Choro
873 2743 1098 2805 tribueremus.
1145 2743 1188 2805 ld
1208 2748 1272 2824 jam

231 2831 393 2913 perspexit
413 2827 594 2897 Passovius.

316 2993 346 3035 v.
366 2968 441 3037 909.
482 2967 633 3031 Alterum
651 2968 714 3047 μοί,
734 2969 823 3050 quod
841 2981 944 3034 metro
956 2973 1129 3059 ‚flagitante
1151 2971 1277 3032 delevi·

231 3077 317 3127 mus,
335 3076 404 3117 non
425 3064 605 3139 agnoscunt
625 3054 715 3136 Lips.
736 3055 768 3117 2.
792 3065 825 3116 et
843 3055 948 3118 Schol
971 3057 1007 3119 C.
1049 3057 1091 3117 In
1117 3056 1279 3118 exclama·

232 3140 389 3212 tionibus,
410 3159 496 3222 quas
518 3138 711 3200 adsensum
732 3139 784 3202 nil
803 3140 927 3213 valent,
945 3140 1103 3203 facillime
1124 3150 1279 3203 annunt

232 3225 360 3286 librarii
382 3235 519 3288 veteres.

315 3377 348 3423 v.
369 3352 445 3418 910.
481 3354 668 3417 Reiecimus
699 3355 869 3418 articulum
902 3351 959 3428 τὰς
989 3367 1093 3419 metro
1125 3357 1278 3439 jubente.

231 3440 274 3501 ln
293 3437 390 3501 huius
410 3439 477 3502 loci
497 3444 634 3501 maxime
656 3440 791 3502 sublimi
810 3444 967 3514 oratione,
986 3462 1071 3523 quae
1093 3462 1113 3502 a
1126 3445 1278 3523 prosaica

232 3524 420 3605 longissimo
437 3536 562 3585 remota
580 3535 638 3597 ost,
666 3524 802 3585 articulo
824 3526 1079 3608 supersedemus,
1108 3546 1213 3604 quem
1234 3529 1278 3604 je·
1331 3564 1332 3595 ἒ

232 3612 306 3688 juni
327 3612 442 3680 critici,
462 3612 593 3692 spiritus
611 3610 733 3690 poetici
752 3607 841 3671 haud
862 3630 1006 3693 capaces,
1024 3608 1278 3672 interimerunt.
1330 3610 1332 3657 ἒ

234 3691 329 3752 Conf.
353 3712 385 3755 v.
407 3688 470 3753 928
490 3724 533 3737 -
552 3688 625 3752 933.
648 3692 708 3752 ubi
745 3712 782 3752 er
812 3713 927 3775 prosae
960 3696 1118 3755 orationis
1146 3694 1278 3772 legibus

233 3779 361 3859 saepius
387 3775 589 3838 adhibendus
615 3785 685 3839 erat
714 3777 879 3842 articulus.
934 3778 999 3839 Sed
1019 3777 1123 3856 ¹nrulti
1150 3776 1279 3836 similes

231 3857 298 3924 loci
316 3869 393 3922 sunt
411 3861 509 3921 obvii.
551 3858 618 3938 Qui
638 3878 715 3920 vero
736 3855 790 3932 τὰς
819 3862 875 3924 vel
901 3857 951 3924 ast
979 3872 1056 3925 ante
1076 3855 1207 3935 στυγνὰς
1228 3863 1280 3920 in·
