2717 4600
527 142 553 161 '¹
608 170 878 249 -176-

153 414 158 422 ,
225 359 330 435 psisse
363 353 499 416 videtur.
544 350 691 413 Alterum
723 356 812 413 euim
840 352 872 412 h.
898 353 923 417 l.
954 355 1052 415 nimis
1081 357 1267 434 quaesitum

226 451 283 499 est.
567 454 570 457 “
679 458 687 465 “

309 544 340 584 v.
362 515 434 582 334.
478 513 582 597 „nilon
610 520 683 580 νεῶν
710 513 764 599 μὲν
784 524 892 599 στῖφος
912 519 945 582 ἐι
964 541 1008 582 or.
1028 541 1056 582 τ.
1074 525 1265 600 Brunckius,

226 606 373 667 Schuetz.
395 604 423 666 1.
447 603 478 669 3.
519 604 582 664 Sed
604 626 671 664 uon
691 605 845 667 viderunt
866 611 1104 688 oppositionem
1125 630 1195 671 esse
1216 613 1267 667 in·

153 758 157 765 α
225 703 276 752 ter
296 693 369 751 νεῶν
387 688 493 765 στίφος
512 681 565 768 μὲν
585 699 618 748 et
639 683 736 763 oili-oc
754 683 795 747 δέ.
834 690 952 770 Itaque
975 710 1053 753 cave
1072 693 1267 773 particulam

225 782 322 837 istam
341 776 413 834 loco
436 780 601 836 moveas.“
641 774 693 833 Ita
713 773 864 834 Butlerus
895 779 986 835 cuius
1005 780 1040 834 in
1069 781 1267 836 sententiam

228 859 442 927 discessimuS,
464 856 730 937 quandoquidem
748 857 848 925 feodd.
870 871 904 919 et
925 858 997 924 edd.
1017 869 1096 921 vett.
1118 881 1190 919 eam
1212 881 1269 941 ap·

224 945 373 1025 probant.
418 939 461 1001 At
483 946 590 1018 στῖφος
616 963 684 1002 non
712 941 819 1020 οτίφος
844 943 1051 1004 scribendum
1078 965 1149 1004 esse
1177 965 1215 1004 er
1233 964 1265 1006 r.

225 1027 277 1092 21.
298 1037 397 1109 patet.
422 1027 425 1033 ’

312 1123 379 1204 Qui
400 1127 487 1182 inter
506 1120 679 1202 Aeschylei
699 1133 805 1183 textus
831 1135 1044 1184 monumenta
1070 1129 1190 1207 primas
1219 1136 1270 1185 te·

227 1219 310 1269 nent
330 1207 399 1268 cod.
423 1206 511 1267 Med.
535 1218 568 1267 et
588 1204 697 1268 Schol.
716 1208 752 1267 B.
775 1230 849 1269 cum
868 1206 904 1268 A.
919 1209 956 1270 Β.
975 1221 1009 1270 et
1029 1210 1121 1281 Cant.
1135 1209 1164 1270 2.
1184 1209 1272 1270 οτσί-

225 1314 288 1373 χοις
309 1293 478 1373 praebent,
501 1311 601 1370 quam
618 1292 795 1354 lectionem
819 1293 1054 1353 restituendam
1075 1298 1272 1355 existimavi·

226 1400 307 1437 mus.
349 1377 472 1436 Vident
494 1378 593 1435 etiam
616 1396 739 1447 omnes,
767 1397 867 1456 quam
893 1377 993 1437 facile
1011 1376 1140 1456 στοίχοις
1160 1399 1273 1437 corru-
1336 1384 1338 1511 χ

225 1473 318 1543 ptum
339 1464 383 1519 sit
403 1463 441 1517 in
461 1459 578 1538 στίχοις,
593 1460 720 1520 scilicet
740 1461 1270 1542 pronuntiationeReuchliniana.

226 1546 268 1604 In
287 1566 319 1608 v.
340 1541 413 1605 398.
432 1543 662 1625 στοιχηγοροίην
688 1566 763 1605 cum
782 1566 815 1611 v.
835 1545 859 1606 1.
883 1546 1096 1629 στιχηχοροίην.

310 1693 342 1736 v.
362 1668 434 1731 338.
472 1671 525 1733 De
549 1665 638 1730 ναυσὶ
656 1668 810 1752 κρυφαίως
829 1671 906 1732 vide
926 1684 1037 1732 notam
1057 1671 1098 1733 ad
1119 1693 1150 1735 v.
1170 1668 1248 1739 306,
1336 1726 1337 1747 χ

313 1819 344 1860 v.
364 1789 436 1879 oto.
482 1796 558 1857 coa
585 1756 696 1858 ouer.
725 1795 829 1858 schot
848 1794 886 1859 A.
914 1809 947 1858 et
974 1798 1046 1860 aaa.
1071 1807 1151 1859 vat.
1182 1797 1269 1858 aar·
1336 1752 1338 1895 Ι

227 1872 310 1942 irent
337 1873 477 1956 roiofiv'‚
506 1880 594 1960 quod
629 1901 672 1939 an
697 1882 947 1961 praeferendum
980 1887 1023 1943 sit
1048 1881 1198 1962 vulgatae
1225 1902 1267 1941 ne
1336 1914 1337 1931 ι

229 1967 366 2026 dubites.
406 1966 508 2024 Totus
528 1986 640 2026 versus
660 1960 724 2025 340
743 1970 789 2025 ita
819 1978 1021 2048 comparatus
1043 1977 1102 2035 est,
1132 1987 1196 2043 quo
1225 1965 1264 2025 ad

222 2051 403 2132 superbum
421 2049 534 2108 Xerxis
556 2054 730 2129 imperium
750 2049 980 2129 crudelemque
1000 2071 1150 2134 poenam,
1166 2070 1260 2127 quam

228 2139 362 2196 navium
382 2132 555 2216 praefectis
575 2138 719 2197 minatur
738 2144 801 2207 rer,
829 2139 1027 2217 respiciatur.
1072 2134 1145 2215 Quo
1170 2143 1256 2214 pacto

226 2214 358 2279 τοσαῦτ’
392 2221 629 2279 enuntiationis
664 2223 814 2300 gravitati
846 2225 947 2300 magis
982 2222 1138 2282 convenit
1168 2237 1262 2296 quam

228 2305 330 2366 altera
352 2304 462 2365 lectio.
634 2309 637 2312 ’

303 2407 412 2485 ”Eleis
437 2404 536 2494 κάρθ’
564 2405 619 2472 ὑπ’
644 2404 779 2491 indulgeo
807 2407 914 2490 φρενὸς
940 2432 1009 2473 non
1029 2410 1202 2494 significat,
1233 2419 1271 2469 ut
1336 2433 1338 2476 t

227 2499 418 2560 Schuetzius
447 2502 562 2558 vertitz
589 2497 711 2569 „edixit
727 2502 836 2557 animo
857 2497 953 2559 valde
979 2496 1083 2558 feroci
1111 2506 1211 2573 atque
1231 2494 1273 2553 fi·
1336 2547 1337 2570 χ

228 2584 360 2655 dente“‚
388 2581 446 2642 sed
472 2582 594 2656 „edixit
621 2586 729 2640 animo
757 2580 852 2642 valde
877 2585 1026 2641 insano.“
1074 2575 1168 2661 Quae
1195 2600 1274 2638 cum
1336 2575 1338 2658 i

226 2673 327 2728 nimis
355 2676 538 2745 arroganter
562 2667 603 2727 de
623 2686 698 2745 rege
720 2685 739 2723 a
760 2668 876 2725 nuntio
897 2667 1023 2746 prolata
1049 2674 1167 2737 essent,
1200 2668 1276 2722 iure

226 2765 390 2835 putamus,
415 2752 549 2810 alteram
572 2751 748 2810 lectionem
781 2743 956 2830 ὑπερθύμου
984 2744 1089 2829 φρενὸς
1120 2747 1278 2808 codicum

229 2836 338 2897 Guels.
368 2836 426 2895 Or.
449 2836 485 2898 C.
505 2837 543 2894 G.
569 2835 607 2893 1..
628 2832 739 2911 Mosq.
771 2830 819 2908 (A.
840 2827 920 2915 ὑπὲρ
947 2827 1064 2912 θύμου)
1092 2844 1127 2892 et
1155 2832 1278 2892 editio·

228 2942 309 2978 num
327 2919 410 2978 Rob.
431 2938 462 2980 v.
478 2919 499 2977 l.
513 2920 613 2977 Turn.
636 2938 653 2976 a
674 2918 768 2976 nobis
782 2922 996 2999 antepositam
1017 2938 1098 2979 esse.
1136 2917 1279 2979 vertas.

226 3005 356 3076 „Tanta
378 3003 475 3063 edixit
496 3001 592 3066 valde
614 3002 868 3084 insuperbieutis
889 3006 1023 3076 animi.“

229 3163 232 3168 ⁴
311 3151 342 3193 v.
354 3122 424 3191 343.
468 3130 545 3189 Post
565 3122 684 3190 δεῖπνον
702 3133 841 3189 inseruit
857 3123 889 3188 τ’
909 3129 1090 3188 Bruuckius
1109 3127 1281 3214 probante

228 3215 369 3277 Persono
392 3214 432 3274 ad
454 3213 618 3296 Aristoph.
637 3211 698 3275 Ar.
718 3209 780 3280 705
802 3216 847 3295 (p.
864 3205 926 3273 418
954 3218 991 3273 in
1011 3213 1108 3294 Supp.
1127 3210 1282 3270 Dindor-

228 3301 325 3360 fianis
348 3299 388 3359 ad
411 3299 533 3359 Corum.
561 3302 599 3357 in
620 3295 798 3379 Aristoph.)
818 3300 876 3357 ubi
896 3297 994 3358 huius
1018 3319 1041 3356 a
1061 3296 1207 3354 librariis
1226 3299 1283 3353 ita

228 3386 429 3467 negligenter
451 3386 588 3443 omissae
608 3384 787 3463 particulae
812 3381 908 3464 plura
924 3381 1000 3445 vide
1021 3380 1175 3462 exempla.
1221 3380 1284 3437 De

229 3471 375 3549 neglecta
403 3489 442 3528 ea
473 3465 633 3547 particula
661 3467 748 3526 conf.
776 3465 944 3548 praeterea
971 3466 1085 3525 Elmsl.
1114 3464 1154 3523 ad
1176 3463 1284 3523 Med.

228 3576 260 3635 p.
279 3553 332 3614 89.
361 3546 430 3613 144.
455 3544 527 3611 245.
554 3545 627 3616 271.
657 3549 707 3610 ed.
738 3550 825 3632 Lips.
858 3562 892 3610 et
917 3551 1026 3610 Herm.
1056 3550 1152 3609 Cens.
1182 3546 1286 3606 Mea

228 3638 342 3697 Elmsl.
362 3660 394 3718 p.
415 3629 488 3697 345.
512 3627 575 3695 346
595 3633 645 3697 ed.
667 3634 755 3715 Lips.
785 3635 894 3713 Quare
912 3639 1081 3716 ingeniosa
1103 3631 1289 3691 Blomfiel-

230 3720 279 3779 dii
296 3726 489 3801 suspicione,
511 3718 619 3787 θοίνας
642 3719 683 3777 ab
704 3715 862 3798 Aeschylo
885 3724 1043 3801 scriptum
1071 3738 1142 3777 esse
1163 3715 1290 3775 exis'ti·

229 3810 357 3877 mantis,
382 3806 471 3883 quod
499 3805 691 3885 glossemate
715 3796 833 3861 δεῖπνον
859 3802 961 3863 fuerit
987 3801 1167 3884 expulsum,
1203 3819 1293 3861 raon

230 3909 310 3970 opus
332 3899 390 3952 est.
412 3888 506 3950 eona
525 3892 623 3951 etiam
640 3889 832 3951 varietatem
851 3887 1013 3950 lectionis.
1196 3959 1280 4031 344

1143 3988 1175 4030 V·
1283 4013 1296 4036 ο
