2717 4600
502 208 552 233 .-
604 196 673 264 ¹²3
724 210 785 236 -.

205 388 238 433 v.
263 364 313 432 55.
353 369 440 453 Quia
459 372 579 435 rocula
600 363 723 454 σύρδην,
754 368 844 452 quod
864 383 977 435 censet
1003 373 1109 436 schot
1128 376 1168 441 B.

9 528 34 551 μ
121 474 257 534 qaoque
281 454 373 514 ducit
395 461 470 516 eius
498 477 538 517 ex
565 449 648 535 σύρω
683 457 850 530 derivatio,
884 452 962 537 ὁμοῦ
995 460 1168 539 significat,
1274 524 1278 531 ,

122 538 288 623 Schuetzii
310 542 564 601 correctionibus
584 535 678 617 σύδην
698 541 756 609 ved
773 534 897 617 φύρδην,
920 548 1069 621 quamvis
1091 538 1169 623 φύρ.

123 616 178 700 δην
194 622 384 706 praedicent
404 624 542 686 siebelis
561 644 592 707 p.
616 617 687 684 111.
710 620 780 689 115.
802 637 836 685 et
853 625 1090 700 Blcmfieldius,
1120 628 1169 686 1ο·

123 727 181 765 cus
202 719 253 766 est
274 707 492 789 denegandus.
530 705 647 789 Πέμπει
673 701 784 788 σύρδην
804 720 868 769 ests
894 714 1019 780 „mittit
1043 714 1168 791 magnis
1263 746 1269 753 -

125 793 318 869 agminibus,
346 793 542 866 cordertos,“
574 791 663 875 quod
689 796 863 865 „tractim“
894 812 963 853 non
997 795 1084 855 male
1118 815 1168 855 er-

123 879 243 956 pressit
263 874 438 957 stanlejus.

207 1013 239 1053 v.
261 987 312 1054 56.
358 986 523 1067 τοξουλκὸν
542 987 623 1073 λῆμα
645 1005 697 1054 est
722 996 849 1054 animus
880 998 958 1056 artis
985 997 1176 1076 sagittariae

122 1079 257 1158 peritus.
278 1098 308 1139 v.
325 1075 396 1137 211.
425 1072 589 1150 τοξουλκὸς
607 1073 697 1157 αἰχμὴ
724 1089 818 1138 notat
836 1083 996 1159 sagittam,
1017 1100 1102 1158 quae
1121 1099 1169 1139 ar-

124 1182 200 1219 cum
221 1161 339 1223 tendit.
382 1163 553 1222 Caeterum
570 1161 603 1223 h.
625 1163 648 1222 i
669 1163 804 1223 Homeri
819 1167 956 1244 vestigia
975 1164 1055 1244 legit
1072 1171 1169 1245 poeta

124 1255 245 1306 noster.
270 1244 365 1307 cont.
385 1244 505 1309 Blomf.
529 1250 567 1307 io
590 1247 694 1308 Gloss.
717 1247 758 1306 ad
777 1267 809 1308 r.
834 1243 885 1308 55.

208 1381 241 1424 r.
265 1359 316 1424 59.
359 1356 419 1423 ὑπὸ
447 1367 583 1443 πομπαῖς
610 1367 648 1423 iu
675 1363 876 1424 editionibus
904 1367 1007 1424 nostri
1039 1367 1112 1425 aevi
1132 1384 1170 1425 ex

124 1442 298 1507 Abreschii
320 1453 506 1529 conjectura
527 1448 655 1530 legitur.
697 1445 740 1507 At
768 1451 851 1526 quin
880 1468 934 1507 eas
966 1448 1045 1507 duas
1072 1469 1169 1510 voces

126 1534 165 1589 in
190 1526 288 1590 unam
316 1532 590 1602 contraheremus,
616 1530 727 1593 facere
755 1551 824 1590 nou
850 1526 1037 1612 potuimus*
1072 1530 1169 1612 Quod

128 1619 321 1695 gravissimis
358 1618 544 1676 auctoribus
574 1614 714 1675 fecimus
744 1636 813 1676 non
848 1621 1034 1695 conjectura
1057 1612 1169 1676 ducti.

125 1696 207 1758 Nam
235 1722 359 1775 omnes,
387 1712 546 1779 quantum
570 1704 701 1770 scimus,
729 1708 764 1758 et
793 1697 920 1759 codices
948 1708 982 1759 et
1009 1699 1169 1759 editiones

125 1795 251 1845 veteres
274 1795 308 1844 et
328 1784 535 1860 scholiastae,
557 1787 594 1844 in
617 1777 813 1861 ὖποπομπαῖς
834 1787 882 1842 ita
904 1787 1100 1867 conspirant,
1132 1794 1170 1843 ut

123 1865 206 1927 haec
228 1890 301 1929 rara
322 1873 492 1930 consensio
513 1873 710 1929 recentiores
732 1870 870 1938 criticos
902 1873 1076 1947 quominus
1098 1889 1169 1926 uru-

123 1957 284 2013 tationem
315 1955 522 2028 molirentur,
556 1951 719 2013 deterrere
744 1950 902 2011 debuerit.
954 1953 1054 2011 Cuius
1083 1973 1169 2010 com-

123 2041 225 2117 positi
249 2048 442 2119 potestatem
468 2038 562 2096 ambo
598 2035 807 2105 scholiastae,
842 2036 924 2094 alter
950 2056 1031 2097 voce
1059 2034 1169 2095 addita

6 2179 17 2206 >
124 2124 323 2200 προπομπαῖς
347 2122 429 2181 alter
455 2123 646 2198 προτροπαῖς
670 2117 838 2177 indicant.
883 2117 1009 2178 Eodem
1043 2124 1169 2199 spectat

128 2201 221 2261 codd.
240 2202 325 2267 Van.
345 2200 374 2261 1.
396 2203 453 2261 Ox.
473 2212 508 2262 et
525 2199 667 2259 Aldinae
688 2201 846 2278 glossema
866 2206 1065 2280 προεροπαῖς.
1108 2204 1168 2265 Co·

126 2288 278 2348 mitatum
298 2305 371 2366 ergo
390 2285 480 2347 valet
496 2277 670 2362 ὑποπομπή,
689 2282 790 2343 talem
812 2303 901 2353 vero,
928 2288 987 2362 qui
1007 2294 1066 2355 est,
1093 2307 1169 2348 cum

128 2372 170 2430 ab
198 2374 393 2450 imperatore
420 2374 577 2428 exercitus
606 2367 745 2428 ducitun
788 2367 986 2427 Comitatum
1020 2367 1169 2440 dicimur,

127 2457 189 2534 qui
216 2474 284 2514 uon
314 2452 355 2513 ad
382 2454 541 2534 dignitate
569 2472 662 2534 pares
692 2449 751 2509 sed
787 2449 829 2512 ad
863 2455 1003 2531 impares
1035 2464 1170 2534 spectat,

127 2538 218 2617 quod
237 2557 275 2599 ex
294 2532 355 2597 ὑπὸ
375 2539 485 2616 colligi
506 2536 611 2596 debet.
654 2534 738 2595 Inde
761 2534 810 2602 fit,
832 2528 1055 2614 ιιῐὺποπομπὴ
1081 2537 1115 2597 h.
1146 2538 1169 2597 l.

126 2624 215 2683 idem
240 2640 309 2683 esse
340 2631 438 2700 atque
463 2625 637 2702 imperium
664 2617 908 2679 contendamus.
950 2618 1016 2679 Aut
1045 2626 1170 2701 egregie

125 2708 284 2776 fallimur,
303 2717 360 2765 aut
378 2705 467 2766 idem
487 2709 662 2765 senserunt
682 2701 892 2772 scholiastae,
921 2706 1041 2782 quibus
1062 2710 1093 2765 si
1115 2709 1171 2770 ab·

127 2792 223 2851 surda
240 2794 312 2852 visa
332 2802 420 2851 esset
438 2812 476 2851 ea
499 2793 702 2871 compositio,
723 2808 793 2848 non
811 2788 1001 2863 verendum,
1031 2811 1074 2849 ne
1101 2811 1171 2856 non

126 2872 300 2934 Abreschii
325 2880 530 2956 sagacitatem
558 2877 690 2953 assequi
716 2876 910 2955 potuissent.
956 2872 1095 2954 Insuper
1119 2896 1171 2958 ac·

128 2959 224 3032 cedit,
254 2957 343 3036 quod
367 2963 530 3019 rarissime
556 2969 636 3017 sunt
654 2955 800 3039 exempla
826 2960 1103 3038 paroemiacorum
1133 2963 1170 3022 in

127 3063 242 3107 vocem
262 3043 458 3121 bisyllabam
482 3046 678 3103 exeuntium.

211 3181 243 3221 v.
264 3154 316 3218 60.
360 3154 429 3229 αἴας
453 3160 533 3240 legit
552 3157 717 3238 stanlejus
741 3179 850 3237 neque
871 3160 968 3219 aliam
990 3159 1093 3219 ullam
1116 3158 1170 3218 ad-

126 3244 218 3323 legat
248 3247 439 3305 varietaiem
466 3248 636 3322 antiquam
661 3243 823 3303 Butlerusi
866 3243 914 3316 Er
942 3265 1007 3324 quo
1029 3265 1104 3304 eum
1123 3243 1171 3311 le-

129 3331 271 3388 ctionem
292 3328 473 3389 editionum
491 3338 569 3389 vett.
588 3331 735 3387 omnium
753 3331 790 3385 in
812 3327 902 3388 codd.
926 3349 1007 3408 quos
1031 3327 1171 3386 contulit

7 3420 9 3443 '
107 3414 277 3476 ‘omnibus
295 3417 453 3494 reperisse
470 3412 586 3473 elucet.
617 3410 726 3494 Quare
739 3406 811 3482 αἴας
829 3417 913 3494 quin
932 3411 1168 3494 reduceremus,

127 3496 236 3562 facere
258 3517 326 3558 non
346 3500 522 3579 potuimus.

211 3634 244 3675 v.
268 3610 317 3674 61.
358 3613 412 3673 Ob
435 3619 603 3675 arctiorem
623 3618 832 3694 sequentium
853 3633 1006 3674 versuum
1022 3589 1094 3671 cum
1115 3631 1171 3670 an·

129 3697 352 3758 recedentibus
376 3703 641 3781 conjunctionem
658 3710 817 3779 punctum
843 3701 881 3756 in
909 3697 1005 3757 colon
1032 3699 1170 3758 mutavi·
1250 3734 1253 3738 -

130 3801 211 3846 mus.
252 3784 386 3844 Comma
405 3788 515 3866 posuit
534 3783 708 3862 stanlejus,
732 3782 829 3844 colon
848 3779 1083 3841 Blomfieldius.

213 3919 245 3963 r·
269 3896 320 3966 63.
348 3897 486 3967 στένεται.
507 3898 624 3966 Media
641 3900 748 3964 forma
768 3900 912 3992 offensem
932 3898 1169 3998 Blemiieldius,
1234 3905 1238 3914 '

762 4205 783 4246 ἱ
