2717 4600
609 181 881 253 ..14ss-

221 363 319 418 etiam
342 371 391 419 est
412 359 570 431 divinare,
593 381 657 438 qua
680 361 808 418 ratione
835 354 889 436 μοὶ
916 358 1083 438 delapsum
1104 360 1156 415 sit.
1196 356 1257 416 Vo-

179 453 187 463 '
218 464 272 503 ces
291 464 419 525 nempe,
440 447 559 527 quibus
580 447 708 504 omissis
727 463 841 502 sensus
860 463 927 502 non
948 440 1161 511 claudicabat,
1184 461 1203 499 a
1220 440 1257 498 li·

217 529 333 588 brariis
355 538 452 609 saepe
471 528 560 588 aliud
571 528 740 608 agentibus
758 547 827 586 non
837 547 908 585 raro
920 529 1165 606 praetermissae
1177 534 1257 584 sunt.

303 680 335 721 v.
357 655 428 720 156.
470 652 697 740 adoptaturam
715 660 777 718 τῶν
794 659 857 718 νῦν.
885 659 948 716 Hic
967 668 1021 716 est
1040 657 1098 715 ille
1120 657 1257 736 superla·
1279 703 1284 709 .

219 748 320 816 tivus,
341 766 440 823 quem
461 766 520 825 pro
544 747 761 827 comparativo
788 745 931 824 positum
952 752 1082 822 putant,
1106 741 1259 819 quodibi

220 826 268 902 fit,
289 829 347 888 ubi
366 829 577 909 significatur,
587 828 715 907 aliquid
735 833 839 906 majus
861 847 932 886 esse
951 826 1087 903 reliquis
1107 838 1140 886 et
1160 830 1260 884 omni·

222 933 264 971 no
292 917 475 972 maximum.
525 914 609 974 Vide
638 913 861 971 Hermannum
890 914 927 968 in
953 911 1096 969 Censura
1127 909 1260 971 Medeae

220 996 440 1055 Elmsleianaa
466 997 569 1072 (Diar.
594 997 694 1055 Class
715 997 789 1056 Jun.
814 990 904 1053 1819.
927 995 966 1053 Ν.
988 991 1040 1053 38.
1064 1015 1096 1073 p.
1113 982 1195 1068 υ288)
1222 993 1261 1053 ad

220 1102 250 1140 v.
273 1076 325 1146 67.
350 1093 384 1139 et
406 1080 499 1160 Greg.
524 1081 616 1147 enit.
633 1080 774 1138 Nltzsch.
798 1079 838 1138 de
860 1079 1093 1158 Comparativis
1124 1099 1168 1158 gr.
1199 1078 1260 1137 lin·
1333 1106 1342 1115 ·

241 1185 302 1223 uae
321 1164 425 1223 modis
446 1187 476 1245 p.
499 1161 550 1230 79.
574 1198 615 1208 -
657 1165 706 1221 Ex
727 1163 818 1245 codd.
839 1163 948 1222 Guelf.
981 1164 1072 1220 Cant.
1097 1160 1123 1222 1.
1145 1163 1176 1222 2.
1206 1161 1260 1221 Ox.

220 1185 392 1308 {ambetla
422 1248 493 1308 edd.
534 1246 605 1307 Ald.
642 1250 743 1306 Turn.
777 1239 999 1327 εὐπρεπεστάτα
1031 1250 1262 1314 revocavimus

221 1331 310 1409 quod
332 1332 527 1410 adjectivum
554 1335 656 1412 magis
679 1349 778 1409 quarn
805 1330 935 1410 vulgata
955 1330 1053 1390 lectio
1084 1329 1124 1391 ad
1149 1331 1264 1392 mulie·

221 1437 272 1475 res
295 1415 442 1495 quadrat.

305 1562 336 1603 v.
360 1537 429 1608 157.
473 1541 631 1621 Quamvis
655 1533 773 1620 α’μῶμῳ
798 1540 1012 1621 plurimorum
1044 1541 1192 1601 codicum
1209 1558 1283 1603 ve·‘

220 1636 394 1703 torumque
423 1630 523 1687 trium
561 1626 632 1685 edd.
668 1647 831 1686 consensu
858 1625 1120 1697 commendetur,
1148 1618 1263 1703 ἀμώμω

217 1714 356 1787 Ιηοιιηίοἰ
373 1714 410 1769 in
430 1707 466 1769 A.
487 1711 523 1769 Β.
545 1721 578 1769 et
600 1711 703 1770 Turn.
726 1720 882 1779 occurrat,
909 1707 1039 1768 dualem
1068 1711 1123 1771 vel
1151 1714 1263 1771 invitis

220 1791 314 1853 libris
335 1798 541 1854 retinuimus.
587 1793 640 1853 Sic
669 1798 759 1854 enim
778 1794 881 1853 multo
905 1794 1084 1872 elegantior
1104 1806 1264 1854 structura

222 1878 341 1939 evadit.
385 1878 429 1937 Et
449 1878 626 1937 facillimus
648 1890 716 1937 erat
736 1880 943 1937 librariorum
963 1879 1082 1958 lapsus.
1110 1879 1262 1937 Conferas

224 1983 253 2022 v.
278 1958 338 2021 163
361 1962 419 2020 ubi
439 1983 497 2042 pro
520 1957 603 2021 αὐτὼ
625 1967 662 2021 in
684 1960 749 2021 Ald
773 1974 805 2021 et
825 1963 898 2020 Rob
919 1962 1037 2041 legitur
1058 1957 1149 2041 αὐτῷ.
1172 1963 1261 2043 Quae

226 2045 375 2106 confusio
400 2049 481 2117 eius,
501 2067 585 2124 quae
607 2045 662 2105 hic
683 2057 793 2116 exstat,
823 2056 872 2105 est
887 2046 1064 2106 simillima.

307 2185 338 2224 v.
371 2160 441 2223 158.
489 2156 604 2221 ταύτοῦ
642 2185 717 2222 cum
758 2162 911 2222 coronide
944 2158 1139 2243 scripsimus.
1186 2162 1260 2219 Post
1338 2181 1343 2186 ·

223 2242 323 2307 ἔναιον
344 2267 470 2308 comma
491 2246 681 2319 delevimus,
703 2269 780 2308 nam
800 2245 900 2309 ἔναιον
920 2241 1054 2327 λαχοῦσα
1075 2269 1174 2308 unam
1195 2245 1262 2307 iere

223 2343 352 2392 tantum
376 2336 544 2392 notionem
570 2330 732 2395 efficiunt.

237 2534 240 2539 .
307 2482 338 2521 v.
360 2454 430 2518 160.
455 2450 558 2518 τούτω
578 2451 686 2518 στάσιν
704 2452 762 2516 τιν’
792 2452 833 2527 ὡς
853 2455 912 2531 ἐγὼ
934 2451 1049 2518 tinem.
1066 2452 1143 2538 ὁρᾶν
1160 2451 1266 2537 τεύχειν

225 2539 256 2604 ἐν
287 2537 450 2619 ἀλλήλοισι.
494 2544 554 2600 Hie
577 2544 689 2603 verbis
717 2542 792 2600 talis
823 2544 1030 2603 anacoluthia
1057 2547 1153 2612 inest,
1181 2563 1267 2620 quae

225 2648 294 2686 non
313 2648 385 2686 raro
407 2630 507 2686 etiarn
529 2629 742 2707 inprosaicis
765 2631 940 2686 invenitur.
986 2628 1102 2687 Graeci
1131 2628 1211 2686 duas
1234 2648 1268 2686 a·

224 2716 458 2781 nuntiationes,
480 2710 653 2771 dummodo
674 2710 814 2770 eundem
834 2707 1012 2791 praebeant
1033 2731 1174 2782 sensum,
1190 2733 1269 2770 cen-

225 2800 404 2855 structione
422 2795 501 2855 licet
522 2794 685 2866 differant,
706 2798 754 2853 ita
774 2796 975 2855 confundere
996 2807 1141 2877 possunt,
1163 2808 1200 2854 ut
1222 2796 1268 2853 al·

224 2882 326 2937 terius
353 2879 476 2959 protasi
500 2888 676 2936 annectant
701 2878 833 2937 alterius
861 2880 1027 2960 apodosin.
1077 2880 1150 2960 Qua
1181 2902 1268 2939 com·

224 2964 388 3043 positione
415 2961 565 3042 periodus
592 2961 787 3041 plerumque
814 2962 965 3033 efficitur,
997 2985 1082 3043 quae
1111 2965 1210 3022 simul
1234 2975 1269 3022 et

227 3047 382 3106 directam
411 3055 445 3105 et
470 3045 661 3105 indirectam
683 3046 791 3126 prodit
820 3053 1010 3111 orationem.
1054 3047 1151 3127 Quod
1180 3048 1270 3107 cadit

223 3135 263 3190 in
287 3131 397 3191 lecum
423 3140 576 3189 nostrum.
617 3126 729 3189 Altera
758 3137 939 3192 enuntiatio
966 3142 1016 3191 est
1043 3132 1138 3190 haec:
1164 3127 1269 3189 τούτω

222 3207 334 3274 στάσιν
361 3207 428 3287 τιν’,
458 3208 500 3281 ὥς
532 3209 592 3285 ἐγώ
612 3209 738 3273 ἐδόκουν
764 3210 849 3294 ὀροῖν,
872 3212 990 3293 ἔτινχον
1011 3212 1042 3274 ἒν
1060 3209 1135 3289 ἀὶτλς
1165 3217 1271 3275 altera

226 3299 322 3362 haec:
347 3292 448 3358 τούτω
469 3291 572 3356 στάσιν
593 3292 650 3356 τιν’
677 3295 737 3369 ἐγώ
764 3294 991 3378 ἕδόκοον·ὁρᾴν
1013 3295 1120 3376 τεύχειν
1149 3297 1181 3358 ἒν
1198 3294 1270 3356 ἀλλ.

223 3376 345 3442 Prioris
365 3385 460 3441 initio
483 3401 557 3440 cum
578 3387 764 3460 posterioris
788 3385 857 3443 fine
876 3385 1016 3443 conflato
1039 3395 1109 3442 orta
1131 3395 1180 3443 est
1201 3384 1272 3442 loci

226 3472 393 3546 scriptura,
423 3486 522 3543 quam
549 3464 668 3523 trustra
695 3477 862 3527 tentarunt
882 3467 1082 3538 Schuetzius,
1103 3469 1271 3526 Porsonus

226 3560 260 3608 et
277 3550 429 3610 Botheua.
468 3551 617 3625 Namque
636 3551 736 3610 verbo
751 3547 847 3610 deurit
863 3557 1050 3632 praesertim
1070 3551 1273 3610 anacolutha

225 3632 377 3693 lubenter
412 3633 545 3693 fermari
582 3632 835 3694 demonstratum
868 3648 916 3695 est
946 3641 981 3694 in
1010 3637 1050 3695 E.
1078 3636 1117 3694 R.
1142 3637 1275 3714 Langei
1336 3655 1339 3656 ⁷

226 3716 317 3793 Spec.
342 3722 412 3781 crit.
441 3722 478 3775 in
500 3718 577 3776 Plau
596 3718 672 3776 Crit.
696 3739 727 3797 p.
749 3719 797 3778 10.
824 3718 872 3778 11.
918 3720 1075 3779 Consules
1099 3731 1275 3799 praeterea

225 3799 335 3858 Herm.
352 3802 392 3860 ed
413 3802 482 3880 vig.
501 3823 532 3881 p.
556 3794 626 3867 715.
653 3803 795 3861 Erfurdt.
825 3803 865 3862 ad
883 3802 979 3884 Sopb.
1003 3802 1111 3882 Antig.
1138 3826 1169 3884 p.
1193 3800 1273 3869 732.

161 3894 165 3900 “
228 3893 262 3942 et
279 3883 398 3945 Blomt.
423 3885 514 3945 adab.
533 3885 555 3944 l.
572 3886 764 3945 simillimus
787 3899 836 3947 est
857 3889 949 3947 locus
976 3888 1109 3948 fabulae
1137 3899 1278 3948 nostrae
