<?xml version="1.0" encoding="UTF-8"?>
<!DOCTYPE html PUBLIC "-//W3C//DTD XHTML 1.0 Transitional//EN"
    "http://www.w3.org/TR/xhtml1/DTD/xhtml1-transitional.dtd">
<html xmlns="http://www.w3.org/1999/xhtml" xml:lang="en" lang="en">
 <head>
  <title>
</title>
<meta http-equiv="Content-Type" content="text/html;charset=utf-8" />
  <meta name='ocr-system' content='tesseract 3.04.00' />
  <meta name='ocr-capabilities' content='ocr_page ocr_carea ocr_par ocr_line ocrx_word'/>
</head>
<body>
  <div class='ocr_page' id='page_1' title='image "./persaeadfidemli00pinzgoog_0136.png"; bbox 0 0 2717 4600; ppageno 0'>
   <div class='ocr_carea' id='block_1_1' title="bbox 701 42 709 71">
    <p class='ocr_par' dir='ltr' id='par_1_1' title="bbox 701 42 709 71">
     <span class='ocr_line' id='line_1_1' title="bbox 701 42 709 71; baseline 0 0"><span class='ocrx_word' id='word_1_1' title='bbox 701 42 709 71; x_wconf 73' lang='lat' dir='ltr'><strong>i</strong></span> 
     </span>
    </p>
   </div>
   <div class='ocr_carea' id='block_1_2' title="bbox 495 158 905 260">
    <p class='ocr_par' dir='ltr' id='par_1_2' title="bbox 495 158 905 260">
     <span class='ocr_line' id='line_1_2' title="bbox 495 158 905 260; baseline -0.007 0"><span class='ocrx_word' id='word_1_2' title='bbox 495 252 513 260; x_wconf 83' lang='lat'><strong>..</strong></span> <span class='ocrx_word' id='word_1_3' title='bbox 570 199 619 257; x_wconf 67' lang='grc' dir='ltr'><strong>τ’·</strong></span> <span class='ocrx_word' id='word_1_4' title='bbox 642 158 742 253; x_wconf 57' lang='grc' dir='ltr'>Ἥ</span> <span class='ocrx_word' id='word_1_5' title='bbox 790 201 846 259; x_wconf 85' lang='grc'><strong>·.·,</strong></span> <span class='ocrx_word' id='word_1_6' title='bbox 884 246 905 257; x_wconf 77' lang='grc'><strong>..</strong></span> 
     </span>
    </p>
   </div>
   <div class='ocr_carea' id='block_1_3' title="bbox 184 349 1243 1028">
    <p class='ocr_par' dir='ltr' id='par_1_3' title="bbox 184 349 1243 1028">
     <span class='ocr_line' id='line_1_3' title="bbox 186 349 1227 436; baseline -0.005 -15"><span class='ocrx_word' id='word_1_7' title='bbox 186 363 243 423; x_wconf 91' lang='lat' dir='ltr'><strong>ubi</strong></span> <span class='ocrx_word' id='word_1_8' title='bbox 256 358 353 419; x_wconf 77' lang='lat' dir='ltr'><strong>baeer</strong></span> <span class='ocrx_word' id='word_1_9' title='bbox 373 349 468 436; x_wconf 73' lang='grc' dir='ltr'><strong><em>ἀχέων</em></strong></span> <span class='ocrx_word' id='word_1_10' title='bbox 486 355 579 416; x_wconf 80' lang='grc' dir='ltr'><strong><em>τοίων</em></strong></span> <span class='ocrx_word' id='word_1_11' title='bbox 596 349 670 417; x_wconf 76' lang='grc' dir='ltr'><strong>τάδ’</strong></span> <span class='ocrx_word' id='word_1_12' title='bbox 690 350 822 432; x_wconf 71' lang='grc' dir='ltr'><strong>ἐγγύθεν.</strong></span> <span class='ocrx_word' id='word_1_13' title='bbox 863 354 908 419; x_wconf 83' lang='lat' dir='ltr'><strong>At</strong></span> <span class='ocrx_word' id='word_1_14' title='bbox 927 357 1051 420; x_wconf 80' lang='lat' dir='ltr'><strong>fefellit</strong></span> <span class='ocrx_word' id='word_1_15' title='bbox 1068 379 1122 417; x_wconf 85' lang='lat' dir='ltr'><strong>eos</strong></span> <span class='ocrx_word' id='word_1_16' title='bbox 1143 350 1227 433; x_wconf 53' lang='grc' dir='ltr'><strong>Ν,</strong></span> 
     </span>
     <span class='ocr_line' id='line_1_4' title="bbox 187 439 1226 524; baseline -0.002 -20"><span class='ocrx_word' id='word_1_17' title='bbox 187 445 418 512; x_wconf 84' lang='lat' dir='ltr'><strong>nominativus,</strong></span> <span class='ocrx_word' id='word_1_18' title='bbox 447 441 487 502; x_wconf 81' lang='lat' dir='ltr'><strong>ad</strong></span> <span class='ocrx_word' id='word_1_19' title='bbox 510 446 690 521; x_wconf 82' lang='lat' dir='ltr'><strong>genitivum</strong></span> <span class='ocrx_word' id='word_1_20' title='bbox 716 446 906 524; x_wconf 82' lang='lat' dir='ltr'><strong>partitivum</strong></span> <span class='ocrx_word' id='word_1_21' title='bbox 931 439 1027 521; x_wconf 71' lang='grc' dir='ltr'><strong><em>ἀχέων</em></strong></span> <span class='ocrx_word' id='word_1_22' title='bbox 1046 442 1139 500; x_wconf 79' lang='grc' dir='ltr'><strong><em>τοίων</em></strong></span> <span class='ocrx_word' id='word_1_23' title='bbox 1167 448 1226 519; x_wconf 89' lang='lat' dir='ltr'><strong>qui</strong></span> 
     </span>
     <span class='ocr_line' id='line_1_5' title="bbox 184 520 1225 612; baseline -0.002 -24"><span class='ocrx_word' id='word_1_24' title='bbox 184 533 337 612; x_wconf 79' lang='lat' dir='ltr'><strong>pertinet,</strong></span> <span class='ocrx_word' id='word_1_25' title='bbox 364 529 488 605; x_wconf 87' lang='lat' dir='ltr'><strong>quique</strong></span> <span class='ocrx_word' id='word_1_26' title='bbox 518 546 590 585; x_wconf 91' lang='lat' dir='ltr'><strong>cum</strong></span> <span class='ocrx_word' id='word_1_27' title='bbox 617 520 741 598; x_wconf 66' lang='grc' dir='ltr'><strong>ἐγγύθεν</strong></span> <span class='ocrx_word' id='word_1_28' title='bbox 769 532 961 608; x_wconf 81' lang='lat' dir='ltr'><strong>conjunctus</strong></span> <span class='ocrx_word' id='word_1_29' title='bbox 981 548 1040 608; x_wconf 90' lang='lat' dir='ltr'><strong>pro</strong></span> <span class='ocrx_word' id='word_1_30' title='bbox 1066 527 1225 604; x_wconf 84' lang='lat' dir='ltr'><strong>adjectivo</strong></span> 
     </span>
     <span class='ocr_line' id='line_1_6' title="bbox 184 608 1227 688; baseline -0.004 -15"><span class='ocrx_word' id='word_1_31' title='bbox 184 611 354 673; x_wconf 85' lang='lat' dir='ltr'><strong>habendus</strong></span> <span class='ocrx_word' id='word_1_32' title='bbox 376 621 434 669; x_wconf 91' lang='lat' dir='ltr'><strong>est.</strong></span> <span class='ocrx_word' id='word_1_33' title='bbox 479 608 585 688; x_wconf 79' lang='lat' dir='ltr'><strong>Q&#39;lram</strong></span> <span class='ocrx_word' id='word_1_34' title='bbox 606 611 734 669; x_wconf 88' lang='lat' dir='ltr'><strong>obrem</strong></span> <span class='ocrx_word' id='word_1_35' title='bbox 754 611 882 669; x_wconf 79' lang='lat' dir='ltr'><strong>nullum</strong></span> <span class='ocrx_word' id='word_1_36' title='bbox 901 611 1002 677; x_wconf 88' lang='lat' dir='ltr'><strong>alium</strong></span> <span class='ocrx_word' id='word_1_37' title='bbox 1023 632 1151 669; x_wconf 87' lang='lat' dir='ltr'><strong>sensum</strong></span> <span class='ocrx_word' id='word_1_38' title='bbox 1174 631 1227 669; x_wconf 88' lang='lat' dir='ltr'><strong>ea-</strong></span> 
     </span>
     <span class='ocr_line' id='line_1_7' title="bbox 185 692 1225 764; baseline -0.005 -7"><span class='ocrx_word' id='word_1_39' title='bbox 185 719 258 757; x_wconf 87' lang='lat' dir='ltr'><strong>rum</strong></span> <span class='ocrx_word' id='word_1_40' title='bbox 279 716 396 756; x_wconf 88' lang='lat' dir='ltr'><strong>vocum</strong></span> <span class='ocrx_word' id='word_1_41' title='bbox 416 697 615 763; x_wconf 84' lang='lat' dir='ltr'><strong>invenimus,</strong></span> <span class='ocrx_word' id='word_1_42' title='bbox 636 698 702 753; x_wconf 90' lang='lat' dir='ltr'><strong>nisi</strong></span> <span class='ocrx_word' id='word_1_43' title='bbox 717 692 822 753; x_wconf 84' lang='lat' dir='ltr'><strong>hunc=</strong></span> <span class='ocrx_word' id='word_1_44' title='bbox 843 695 1086 764; x_wconf 69' lang='lat' dir='ltr'><strong>„cahnitatum</strong></span> <span class='ocrx_word' id='word_1_45' title='bbox 1108 694 1225 752; x_wconf 87' lang='lat' dir='ltr'><strong>talium</strong></span> 
     </span>
     <span class='ocr_line' id='line_1_8' title="bbox 185 771 1227 860; baseline -0.007 -17"><span class='ocrx_word' id='word_1_46' title='bbox 185 783 248 843; x_wconf 88' lang='lat' dir='ltr'><strong>hae</strong></span> <span class='ocrx_word' id='word_1_47' title='bbox 277 783 480 860; x_wconf 78' lang='lat' dir='ltr'><strong>propinquae</strong></span> <span class='ocrx_word' id='word_1_48' title='bbox 514 783 618 859; x_wconf 52' lang='lat' dir='ltr'><strong>sunt‘f</strong></span> <span class='ocrx_word' id='word_1_49' title='bbox 638 799 683 836; x_wconf 88' lang='lat' dir='ltr'><strong>sc.</strong></span> <span class='ocrx_word' id='word_1_50' title='bbox 710 780 814 851; x_wconf 90' lang='lat' dir='ltr'><strong>nobis,</strong></span> <span class='ocrx_word' id='word_1_51' title='bbox 849 778 884 837; x_wconf 89' lang='lat' dir='ltr'><strong>id</strong></span> <span class='ocrx_word' id='word_1_52' title='bbox 916 777 1005 856; x_wconf 86' lang='lat' dir='ltr'><strong>quod</strong></span> <span class='ocrx_word' id='word_1_53' title='bbox 1034 778 1074 837; x_wconf 91' lang='lat' dir='ltr'><strong>ad</strong></span> <span class='ocrx_word' id='word_1_54' title='bbox 1102 771 1227 849; x_wconf 69' lang='grc' dir='ltr'><strong>ἐγγύθεν</strong></span> 
     </span>
     <span class='ocr_line' id='line_1_9' title="bbox 186 859 1226 942; baseline -0.006 -16"><span class='ocrx_word' id='word_1_55' title='bbox 186 870 294 926; x_wconf 81' lang='lat' dir='ltr'><strong>animo</strong></span> <span class='ocrx_word' id='word_1_56' title='bbox 324 859 542 942; x_wconf 89' lang='lat' dir='ltr'><strong>supplendum</strong></span> <span class='ocrx_word' id='word_1_57' title='bbox 569 871 627 920; x_wconf 85' lang='lat' dir='ltr'><strong>est.</strong></span> <span class='ocrx_word' id='word_1_58' title='bbox 668 862 811 922; x_wconf 91' lang='lat' dir='ltr'><strong>Botheus</strong></span> <span class='ocrx_word' id='word_1_59' title='bbox 841 863 1029 942; x_wconf 84' lang='lat' dir='ltr'><strong>depravavit</strong></span> <span class='ocrx_word' id='word_1_60' title='bbox 1054 862 1162 920; x_wconf 88' lang='lat' dir='ltr'><strong>locum</strong></span> <span class='ocrx_word' id='word_1_61' title='bbox 1188 865 1226 920; x_wconf 91' lang='lat' dir='ltr'><strong>in</strong></span> 
     </span>
     <span class='ocr_line' id='line_1_10' title="bbox 185 939 1243 1028; baseline -0.003 -20"><span class='ocrx_word' id='word_1_62' title='bbox 185 945 280 1028; x_wconf 73' lang='grc' dir='ltr'><strong><em>ἀχέων</em></strong></span> <span class='ocrx_word' id='word_1_63' title='bbox 299 947 428 1003; x_wconf 73' lang='grc' dir='ltr'><strong><em>τοιαῦτα</em></strong></span> <span class='ocrx_word' id='word_1_64' title='bbox 449 940 482 1016; x_wconf 78' lang='lat'><strong>7³</strong></span> <span class='ocrx_word' id='word_1_65' title='bbox 503 939 635 1018; x_wconf 69' lang='grc' dir='ltr'><strong>ἐγγύθεν,</strong></span> <span class='ocrx_word' id='word_1_66' title='bbox 658 948 695 1003; x_wconf 93' lang='lat' dir='ltr'><strong>in</strong></span> <span class='ocrx_word' id='word_1_67' title='bbox 717 947 980 1005; x_wconf 85' lang='lat' dir='ltr'><strong>adnotationibus</strong></span> <span class='ocrx_word' id='word_1_68' title='bbox 1003 945 1089 1004; x_wconf 90' lang='lat' dir='ltr'><strong>nihil</strong></span> <span class='ocrx_word' id='word_1_69' title='bbox 1103 946 1243 1013; x_wconf 22' lang='lat' dir='ltr'><strong>addens*</strong></span> 
     </span>
    </p>
   </div>
   <div class='ocr_carea' id='block_1_4' title="bbox 85 1029 1226 1115">
    <p class='ocr_par' dir='ltr' id='par_1_4' title="bbox 85 1029 1226 1115">
     <span class='ocr_line' id='line_1_11' title="bbox 85 1029 1226 1115; baseline -0.003 -22"><span class='ocrx_word' id='word_1_70' title='bbox 85 1078 89 1093; x_wconf 86' lang='lat'><strong>.</strong></span> <span class='ocrx_word' id='word_1_71' title='bbox 185 1037 252 1094; x_wconf 88' lang='lat' dir='ltr'><strong>nisi</strong></span> <span class='ocrx_word' id='word_1_72' title='bbox 270 1038 454 1110; x_wconf 80' lang='lat' dir='ltr'><strong>corruptam</strong></span> <span class='ocrx_word' id='word_1_73' title='bbox 484 1049 554 1089; x_wconf 82' lang='lat' dir='ltr'><strong>esse</strong></span> <span class='ocrx_word' id='word_1_74' title='bbox 582 1029 748 1115; x_wconf 78' lang='lat' dir='ltr'><strong>vulgatam</strong></span> <span class='ocrx_word' id='word_1_75' title='bbox 766 1031 951 1090; x_wconf 86' lang='lat' dir='ltr'><strong>lectionem.</strong></span> <span class='ocrx_word' id='word_1_76' title='bbox 971 1061 1015 1074; x_wconf 89' lang='lat'><em>-</em></span> <span class='ocrx_word' id='word_1_77' title='bbox 1054 1031 1226 1091; x_wconf 83' lang='lat' dir='ltr'><strong>Caeterum</strong></span> 
     </span>
    </p>
   </div>
   <div class='ocr_carea' id='block_1_5' title="bbox 87 1113 1299 2120">
    <p class='ocr_par' dir='ltr' id='par_1_5' title="bbox 87 1113 1299 2120">
     <span class='ocr_line' id='line_1_12' title="bbox 184 1113 1225 1194; baseline -0.007 -15"><span class='ocrx_word' id='word_1_78' title='bbox 184 1113 385 1179; x_wconf 72' lang='lat' dir='ltr'><strong>monendum</strong></span> <span class='ocrx_word' id='word_1_79' title='bbox 404 1122 464 1184; x_wconf 79' lang='lat' dir='ltr'><strong>est,</strong></span> <span class='ocrx_word' id='word_1_80' title='bbox 492 1131 534 1171; x_wconf 91' lang='lat' dir='ltr'><strong>ne</strong></span> <span class='ocrx_word' id='word_1_81' title='bbox 554 1117 628 1190; x_wconf 84' lang='lat' dir='ltr'><strong>quis</strong></span> <span class='ocrx_word' id='word_1_82' title='bbox 650 1118 690 1172; x_wconf 88' lang='lat' dir='ltr'><strong>in</strong></span> <span class='ocrx_word' id='word_1_83' title='bbox 709 1115 849 1174; x_wconf 88' lang='lat' dir='ltr'><strong>eundem</strong></span> <span class='ocrx_word' id='word_1_84' title='bbox 868 1114 1053 1194; x_wconf 89' lang='lat' dir='ltr'><strong>implicetur</strong></span> <span class='ocrx_word' id='word_1_85' title='bbox 1074 1135 1225 1189; x_wconf 80' lang='lat' dir='ltr'><strong>errorem,</strong></span> 
     </span>
     <span class='ocr_line' id='line_1_13' title="bbox 87 1192 1225 1281; baseline -0.009 -14"><span class='ocrx_word' id='word_1_86' title='bbox 87 1256 90 1267; x_wconf 68' lang='grc'><strong>.</strong></span> <span class='ocrx_word' id='word_1_87' title='bbox 185 1208 221 1262; x_wconf 91' lang='lat' dir='ltr'><strong>in</strong></span> <span class='ocrx_word' id='word_1_88' title='bbox 244 1219 342 1281; x_wconf 82' lang='lat' dir='ltr'><strong>quem</strong></span> <span class='ocrx_word' id='word_1_89' title='bbox 363 1195 482 1263; x_wconf 83' lang='lat' dir='ltr'><strong>incidit</strong></span> <span class='ocrx_word' id='word_1_90' title='bbox 501 1195 638 1254; x_wconf 83' lang='lat' dir='ltr'><strong>Siebelis</strong></span> <span class='ocrx_word' id='word_1_91' title='bbox 666 1198 713 1276; x_wconf 87' lang='lat' dir='ltr'><strong>(p.</strong></span> <span class='ocrx_word' id='word_1_92' title='bbox 735 1194 811 1274; x_wconf 61' lang='lat' dir='ltr'><strong>dl),</strong></span> <span class='ocrx_word' id='word_1_93' title='bbox 837 1203 896 1278; x_wconf 85' lang='lat' dir='ltr'><strong>qui</strong></span> <span class='ocrx_word' id='word_1_94' title='bbox 916 1199 958 1258; x_wconf 92' lang='lat' dir='ltr'><strong>ob</strong></span> <span class='ocrx_word' id='word_1_95' title='bbox 980 1209 1133 1256; x_wconf 83' lang='lat' dir='ltr'><strong>neutrum</strong></span> <span class='ocrx_word' id='word_1_96' title='bbox 1151 1192 1225 1257; x_wconf 74' lang='grc' dir='ltr'><strong>τάδε</strong></span> 
     </span>
     <span class='ocr_line' id='line_1_14' title="bbox 185 1279 1226 1363; baseline -0.002 -20"><span class='ocrx_word' id='word_1_97' title='bbox 185 1287 315 1363; x_wconf 84' lang='lat' dir='ltr'><strong>aliaque</strong></span> <span class='ocrx_word' id='word_1_98' title='bbox 337 1286 436 1341; x_wconf 90' lang='lat' dir='ltr'><strong>etiam</strong></span> <span class='ocrx_word' id='word_1_99' title='bbox 455 1279 579 1338; x_wconf 84' lang='lat' dir='ltr'><strong>leviora</strong></span> <span class='ocrx_word' id='word_1_100' title='bbox 599 1293 788 1359; x_wconf 80' lang='lat' dir='ltr'><strong>argumenta</strong></span> <span class='ocrx_word' id='word_1_101' title='bbox 808 1281 918 1340; x_wconf 87' lang='lat' dir='ltr'><strong>l’ersar</strong></span> <span class='ocrx_word' id='word_1_102' title='bbox 997 1279 1158 1363; x_wconf 88' lang='lat' dir='ltr'><strong>principes</strong></span> <span class='ocrx_word' id='word_1_103' title='bbox 1176 1282 1226 1341; x_wconf 83' lang='lat' dir='ltr'><strong>fe·</strong></span> 
     </span>
     <span class='ocr_line' id='line_1_15' title="bbox 185 1361 1226 1447; baseline -0.006 -17"><span class='ocrx_word' id='word_1_104' title='bbox 185 1375 230 1430; x_wconf 90' lang='lat' dir='ltr'><strong>cit</strong></span> <span class='ocrx_word' id='word_1_105' title='bbox 249 1364 425 1427; x_wconf 87' lang='lat' dir='ltr'><strong>eunuchos.</strong></span> <span class='ocrx_word' id='word_1_106' title='bbox 444 1363 486 1421; x_wconf 87' lang='lat' dir='ltr'><strong>In</strong></span> <span class='ocrx_word' id='word_1_107' title='bbox 507 1362 603 1443; x_wconf 84' lang='lat' dir='ltr'><strong>Soph.</strong></span> <span class='ocrx_word' id='word_1_108' title='bbox 615 1363 702 1447; x_wconf 65' lang='lat' dir='ltr'><strong>ped.</strong></span> <span class='ocrx_word' id='word_1_109' title='bbox 722 1365 760 1435; x_wconf 62' lang='lat' dir='ltr'><strong>B„</strong></span> <span class='ocrx_word' id='word_1_110' title='bbox 780 1386 812 1425; x_wconf 88' lang='lat' dir='ltr'><strong>v.</strong></span> <span class='ocrx_word' id='word_1_111' title='bbox 838 1363 876 1425; x_wconf 79' lang='grc'><strong>13</strong></span> <span class='ocrx_word' id='word_1_112' title='bbox 955 1374 1104 1445; x_wconf 78' lang='lat' dir='ltr'><strong>aguntur:</strong></span> <span class='ocrx_word' id='word_1_113' title='bbox 1118 1361 1226 1424; x_wconf 58' lang='lat' dir='ltr'><strong>itud).-</strong></span> 
     </span>
     <span class='ocr_line' id='line_1_16' title="bbox 182 1436 1246 1524; baseline -0.002 -12"><span class='ocrx_word' id='word_1_114' title='bbox 182 1449 244 1511; x_wconf 82' lang='grc' dir='ltr'><strong>λων</strong></span> <span class='ocrx_word' id='word_1_115' title='bbox 262 1440 338 1511; x_wconf 75' lang='grc' dir='ltr'><strong>τάδ’</strong></span> <span class='ocrx_word' id='word_1_116' title='bbox 358 1436 403 1523; x_wconf 75' lang='grc' dir='ltr'><strong>ἦν,</strong></span> <span class='ocrx_word' id='word_1_117' title='bbox 422 1436 581 1506; x_wconf 80' lang='grc' dir='ltr'><strong><em>Ἀπόλλων</em></strong></span> <span class='ocrx_word' id='word_1_118' title='bbox 603 1447 628 1504; x_wconf 84' lang='lat' dir='ltr'><strong>oi</strong></span> <span class='ocrx_word' id='word_1_119' title='bbox 652 1441 744 1523; x_wconf 79' lang='grc' dir='ltr'><strong><em>φίλον,</em></strong></span> <span class='ocrx_word' id='word_1_120' title='bbox 766 1459 799 1508; x_wconf 90' lang='lat' dir='ltr'><strong>et</strong></span> <span class='ocrx_word' id='word_1_121' title='bbox 815 1452 851 1508; x_wconf 91' lang='lat' dir='ltr'><strong>in</strong></span> <span class='ocrx_word' id='word_1_122' title='bbox 860 1449 988 1524; x_wconf 84' lang='lat' dir='ltr'><strong>Lucret.</strong></span> <span class='ocrx_word' id='word_1_123' title='bbox 1011 1450 1063 1510; x_wconf 93' lang='lat' dir='ltr'><strong>De</strong></span> <span class='ocrx_word' id='word_1_124' title='bbox 1081 1460 1140 1509; x_wconf 82' lang='lat' dir='ltr'><strong>rer.</strong></span> <span class='ocrx_word' id='word_1_125' title='bbox 1154 1462 1246 1521; x_wconf 52' lang='lat' dir='ltr'><strong>nat,</strong></span> 
     </span>
     <span class='ocr_line' id='line_1_17' title="bbox 182 1529 1299 1613; baseline 0.001 -21"><span class='ocrx_word' id='word_1_126' title='bbox 182 1538 208 1597; x_wconf 83' lang='grc' dir='ltr'><strong>Ι.</strong></span> <span class='ocrx_word' id='word_1_127' title='bbox 230 1556 261 1596; x_wconf 90' lang='lat' dir='ltr'><strong>v.</strong></span> <span class='ocrx_word' id='word_1_128' title='bbox 284 1529 342 1599; x_wconf 74' lang='lat'><strong>87:</strong></span> <span class='ocrx_word' id='word_1_129' title='bbox 359 1532 580 1607; x_wconf 73' lang='lat' dir='ltr'><strong>„Ductores</strong></span> <span class='ocrx_word' id='word_1_130' title='bbox 600 1532 786 1591; x_wconf 71' lang='lat' dir='ltr'><strong>Danaum</strong></span> <span class='ocrx_word' id='word_1_131' title='bbox 805 1533 1002 1606; x_wconf 74' lang='lat' dir='ltr'><strong>delectui,</strong></span> <span class='ocrx_word' id='word_1_132' title='bbox 1020 1537 1151 1613; x_wconf 89' lang='lat' dir='ltr'><strong>prima</strong></span> <span class='ocrx_word' id='word_1_133' title='bbox 1170 1539 1225 1596; x_wconf 85' lang='lat' dir='ltr'><strong>vi·</strong></span> <span class='ocrx_word' id='word_1_134' title='bbox 1294 1576 1299 1580; x_wconf 91' lang='lat'><em>-</em></span> 
     </span>
     <span class='ocr_line' id='line_1_18' title="bbox 182 1615 1223 1692; baseline -0.004 -11"><span class='ocrx_word' id='word_1_135' title='bbox 182 1623 352 1681; x_wconf 83' lang='lat' dir='ltr'><strong>rorum.“</strong></span> <span class='ocrx_word' id='word_1_136' title='bbox 389 1615 495 1677; x_wconf 89' lang='lat' dir='ltr'><strong>Hem!</strong></span> <span class='ocrx_word' id='word_1_137' title='bbox 529 1615 698 1692; x_wconf 88' lang='lat' dir='ltr'><strong>Numquid</strong></span> <span class='ocrx_word' id='word_1_138' title='bbox 726 1617 915 1677; x_wconf 85' lang='lat' dir='ltr'><strong>Danaorum</strong></span> <span class='ocrx_word' id='word_1_139' title='bbox 945 1617 1103 1690; x_wconf 89' lang='lat' dir='ltr'><strong>ductores,</strong></span> <span class='ocrx_word' id='word_1_140' title='bbox 1128 1639 1223 1677; x_wconf 82' lang='lat' dir='ltr'><strong>num-</strong></span> 
     </span>
     <span class='ocr_line' id='line_1_19' title="bbox 182 1693 1223 1784; baseline -0.001 -21"><span class='ocrx_word' id='word_1_141' title='bbox 182 1703 264 1784; x_wconf 87' lang='lat' dir='ltr'><strong>quid</strong></span> <span class='ocrx_word' id='word_1_142' title='bbox 286 1707 357 1783; x_wconf 85' lang='lat' dir='ltr'><strong>ipse</strong></span> <span class='ocrx_word' id='word_1_143' title='bbox 376 1694 491 1779; x_wconf 82' lang='lat' dir='ltr'><strong>Apollo</strong></span> <span class='ocrx_word' id='word_1_144' title='bbox 512 1693 577 1773; x_wconf 78' lang='lat' dir='ltr'><strong>soit</strong></span> <span class='ocrx_word' id='word_1_145' title='bbox 599 1693 792 1759; x_wconf 76' lang='lat' dir='ltr'><strong>eunuchus?</strong></span> <span class='ocrx_word' id='word_1_146' title='bbox 819 1700 884 1761; x_wconf 89' lang='lat' dir='ltr'><strong>Sed</strong></span> <span class='ocrx_word' id='word_1_147' title='bbox 908 1701 1046 1760; x_wconf 84' lang='lat' dir='ltr'><strong>Graecos</strong></span> <span class='ocrx_word' id='word_1_148' title='bbox 1077 1695 1147 1759; x_wconf 79' lang='grc' dir='ltr'><strong>τάδε</strong></span> <span class='ocrx_word' id='word_1_149' title='bbox 1170 1724 1223 1762; x_wconf 85' lang='lat' dir='ltr'><strong>ea·</strong></span> 
     </span>
     <span class='ocr_line' id='line_1_20' title="bbox 183 1785 1224 1864; baseline -0.002 -16"><span class='ocrx_word' id='word_1_150' title='bbox 183 1790 257 1848; x_wconf 90' lang='lat' dir='ltr'><strong>dem</strong></span> <span class='ocrx_word' id='word_1_151' title='bbox 276 1789 403 1844; x_wconf 86' lang='lat' dir='ltr'><strong>ratione</strong></span> <span class='ocrx_word' id='word_1_152' title='bbox 426 1803 492 1861; x_wconf 81' lang='lat' dir='ltr'><strong>qua</strong></span> <span class='ocrx_word' id='word_1_153' title='bbox 510 1793 669 1857; x_wconf 78' lang='lat' dir='ltr'><strong>nostrates</strong></span> <span class='ocrx_word' id='word_1_154' title='bbox 699 1785 802 1854; x_wconf 88' lang='lat' dir='ltr'><strong>„das“</strong></span> <span class='ocrx_word' id='word_1_155' title='bbox 830 1785 871 1853; x_wconf 83' lang='lat' dir='ltr'><strong>de</strong></span> <span class='ocrx_word' id='word_1_156' title='bbox 899 1789 1014 1862; x_wconf 86' lang='lat' dir='ltr'><strong>quovis</strong></span> <span class='ocrx_word' id='word_1_157' title='bbox 1043 1806 1159 1864; x_wconf 80' lang='lat' dir='ltr'><strong>genere</strong></span> <span class='ocrx_word' id='word_1_158' title='bbox 1189 1798 1224 1846; x_wconf 88' lang='lat' dir='ltr'><strong>et</strong></span> 
     </span>
     <span class='ocr_line' id='line_1_21' title="bbox 182 1869 1223 1947; baseline -0.002 -17"><span class='ocrx_word' id='word_1_159' title='bbox 182 1873 223 1934; x_wconf 87' lang='lat' dir='ltr'><strong>de</strong></span> <span class='ocrx_word' id='word_1_160' title='bbox 249 1881 387 1947; x_wconf 87' lang='lat' dir='ltr'><strong>utroque</strong></span> <span class='ocrx_word' id='word_1_161' title='bbox 408 1887 543 1925; x_wconf 86' lang='lat' dir='ltr'><strong>numero</strong></span> <span class='ocrx_word' id='word_1_162' title='bbox 572 1888 726 1947; x_wconf 83' lang='lat' dir='ltr'><strong>usurpare</strong></span> <span class='ocrx_word' id='word_1_163' title='bbox 750 1869 872 1928; x_wconf 81' lang='lat' dir='ltr'><strong>oblitus</strong></span> <span class='ocrx_word' id='word_1_164' title='bbox 900 1879 969 1927; x_wconf 88' lang='lat' dir='ltr'><strong>erat</strong></span> <span class='ocrx_word' id='word_1_165' title='bbox 994 1869 1140 1928; x_wconf 80' lang='lat' dir='ltr'><strong>Siebelis.</strong></span> <span class='ocrx_word' id='word_1_166' title='bbox 1173 1870 1223 1931; x_wconf 85' lang='lat' dir='ltr'><strong>cf.</strong></span> 
     </span>
     <span class='ocr_line' id='line_1_22' title="bbox 180 1949 1223 2039; baseline -0.001 -25"><span class='ocrx_word' id='word_1_167' title='bbox 180 1965 347 2039; x_wconf 86' lang='lat' dir='ltr'><strong>praeterea</strong></span> <span class='ocrx_word' id='word_1_168' title='bbox 365 1949 617 2021; x_wconf 81' lang='lat' dir='ltr'><strong>Wakefieldiurn</strong></span> <span class='ocrx_word' id='word_1_169' title='bbox 635 1951 677 2011; x_wconf 90' lang='lat' dir='ltr'><strong>ad</strong></span> <span class='ocrx_word' id='word_1_170' title='bbox 695 1952 824 2012; x_wconf 86' lang='lat' dir='ltr'><strong>Lucret.</strong></span> <span class='ocrx_word' id='word_1_171' title='bbox 844 1953 867 2013; x_wconf 89' lang='lat' dir='ltr'><strong>l.</strong></span> <span class='ocrx_word' id='word_1_172' title='bbox 888 1973 915 2012; x_wconf 90' lang='lat' dir='ltr'><strong>c.</strong></span> <span class='ocrx_word' id='word_1_173' title='bbox 946 1957 1004 2030; x_wconf 91' lang='lat' dir='ltr'><strong>qui</strong></span> <span class='ocrx_word' id='word_1_174' title='bbox 1022 1953 1117 2033; x_wconf 88' lang='lat' dir='ltr'><strong>plura</strong></span> <span class='ocrx_word' id='word_1_175' title='bbox 1138 1957 1223 2014; x_wconf 82' lang='lat' dir='ltr'><strong>eius·</strong></span> 
     </span>
     <span class='ocr_line' id='line_1_23' title="bbox 182 2032 1041 2120; baseline -0.005 -18"><span class='ocrx_word' id='word_1_176' title='bbox 182 2039 271 2102; x_wconf 86' lang='lat' dir='ltr'><strong>modi</strong></span> <span class='ocrx_word' id='word_1_177' title='bbox 289 2035 432 2120; x_wconf 74' lang='lat' dir='ltr'><strong>collegit,</strong></span> <span class='ocrx_word' id='word_1_178' title='bbox 452 2044 486 2095; x_wconf 86' lang='lat' dir='ltr'><strong>et</strong></span> <span class='ocrx_word' id='word_1_179' title='bbox 506 2032 690 2099; x_wconf 83' lang='lat' dir='ltr'><strong>Blomfield.</strong></span> <span class='ocrx_word' id='word_1_180' title='bbox 713 2040 750 2096; x_wconf 92' lang='lat' dir='ltr'><strong>in</strong></span> <span class='ocrx_word' id='word_1_181' title='bbox 772 2038 876 2097; x_wconf 89' lang='lat' dir='ltr'><strong>Gloss.</strong></span> <span class='ocrx_word' id='word_1_182' title='bbox 903 2035 996 2096; x_wconf 89' lang='lat' dir='ltr'><strong>adh.</strong></span> <span class='ocrx_word' id='word_1_183' title='bbox 1017 2036 1041 2098; x_wconf 85' lang='lat' dir='ltr'><strong>l.</strong></span> 
     </span>
    </p>
   </div>
   <div class='ocr_carea' id='block_1_6' title="bbox 70 2161 1289 2745">
    <p class='ocr_par' dir='ltr' id='par_1_6' title="bbox 142 2161 1289 2582">
     <span class='ocr_line' id='line_1_24' title="bbox 263 2161 1222 2247; baseline -0.001 -23"><span class='ocrx_word' id='word_1_184' title='bbox 263 2187 295 2231; x_wconf 84' lang='lat' dir='ltr'><strong>v.</strong></span> <span class='ocrx_word' id='word_1_185' title='bbox 315 2165 348 2226; x_wconf 85' lang='lat'><strong>2.</strong></span> <span class='ocrx_word' id='word_1_186' title='bbox 392 2161 633 2222; x_wconf 83' lang='lat' dir='ltr'><strong>Blomfieldius:</strong></span> <span class='ocrx_word' id='word_1_187' title='bbox 661 2163 835 2244; x_wconf 83' lang='lat' dir='ltr'><strong>„Satrapae</strong></span> <span class='ocrx_word' id='word_1_188' title='bbox 858 2173 892 2223; x_wconf 90' lang='lat' dir='ltr'><strong>et</strong></span> <span class='ocrx_word' id='word_1_189' title='bbox 921 2167 1018 2223; x_wconf 89' lang='lat' dir='ltr'><strong>amici</strong></span> <span class='ocrx_word' id='word_1_190' title='bbox 1040 2169 1127 2247; x_wconf 76' lang='lat' dir='ltr'><strong>regis</strong></span> <span class='ocrx_word' id='word_1_191' title='bbox 1144 2162 1222 2226; x_wconf 70' lang='lat' dir='ltr'><strong>Per⁴</strong></span> 
     </span>
     <span class='ocr_line' id='line_1_25' title="bbox 159 2245 1226 2328; baseline 0.003 -20"><span class='ocrx_word' id='word_1_192' title='bbox 159 2271 289 2313; x_wconf 87' lang='lat' dir='ltr'><strong>.sarum</strong></span> <span class='ocrx_word' id='word_1_193' title='bbox 313 2248 444 2324; x_wconf 85' lang='lat' dir='ltr'><strong>solenni</strong></span> <span class='ocrx_word' id='word_1_194' title='bbox 474 2247 693 2328; x_wconf 78' lang='lat' dir='ltr'><strong>appellatione</strong></span> <span class='ocrx_word' id='word_1_195' title='bbox 712 2245 815 2306; x_wconf 82' lang='grc' dir='ltr'><strong><em>πιστοὶ</em></strong></span> <span class='ocrx_word' id='word_1_196' title='bbox 836 2248 1028 2325; x_wconf 77' lang='lat' dir='ltr'><strong>audiebant3</strong></span> <span class='ocrx_word' id='word_1_197' title='bbox 1056 2249 1144 2328; x_wconf 88' lang='lat' dir='ltr'><strong>quod</strong></span> <span class='ocrx_word' id='word_1_198' title='bbox 1170 2271 1226 2312; x_wconf 64' lang='lat' dir='ltr'><strong>re·x</strong></span> 
     </span>
     <span class='ocr_line' id='line_1_26' title="bbox 181 2329 1222 2398; baseline -0.002 -2"><span class='ocrx_word' id='word_1_199' title='bbox 181 2348 232 2398; x_wconf 86' lang='lat' dir='ltr'><strong>cta</strong></span> <span class='ocrx_word' id='word_1_200' title='bbox 253 2338 457 2395; x_wconf 83' lang='lat' dir='ltr'><strong>observatum</strong></span> <span class='ocrx_word' id='word_1_201' title='bbox 478 2335 580 2391; x_wconf 83' lang='lat' dir='ltr'><strong>e&#39;st&#39;in</strong></span> <span class='ocrx_word' id='word_1_202' title='bbox 600 2331 686 2391; x_wconf 87' lang='lat' dir='ltr'><strong>Bibl.</strong></span> <span class='ocrx_word' id='word_1_203' title='bbox 712 2333 789 2392; x_wconf 87' lang='lat' dir='ltr'><strong>Crit.</strong></span> <span class='ocrx_word' id='word_1_204' title='bbox 809 2335 865 2394; x_wconf 88' lang='lat' dir='ltr'><strong>lv.</strong></span> <span class='ocrx_word' id='word_1_205' title='bbox 884 2329 936 2393; x_wconf 83' lang='lat'><strong>98.</strong></span> <span class='ocrx_word' id='word_1_206' title='bbox 967 2333 1007 2392; x_wconf 85' lang='lat' dir='ltr'><strong>ad</strong></span> <span class='ocrx_word' id='word_1_207' title='bbox 1026 2335 1133 2393; x_wconf 88' lang='lat' dir='ltr'><strong>locum</strong></span> <span class='ocrx_word' id='word_1_208' title='bbox 1154 2336 1222 2395; x_wconf 85' lang='lat' dir='ltr'><strong>Xe·</strong></span> 
     </span>
     <span class='ocr_line' id='line_1_27' title="bbox 180 2411 1219 2501; baseline -0.002 -22"><span class='ocrx_word' id='word_1_209' title='bbox 180 2418 355 2501; x_wconf 90' lang='lat' dir='ltr'><strong>nopbontis</strong></span> <span class='ocrx_word' id='word_1_210' title='bbox 378 2414 480 2474; x_wconf 86' lang='lat' dir='ltr'><strong>Anab.</strong></span> <span class='ocrx_word' id='word_1_211' title='bbox 510 2416 537 2476; x_wconf 90' lang='lat'><strong>1.</strong></span> <span class='ocrx_word' id='word_1_212' title='bbox 558 2433 589 2476; x_wconf 82' lang='grc' dir='ltr'><strong>ν.</strong></span> <span class='ocrx_word' id='word_1_213' title='bbox 609 2413 657 2475; x_wconf 80' lang='lat'><strong>15.</strong></span> <span class='ocrx_word' id='word_1_214' title='bbox 681 2411 735 2475; x_wconf 84' lang='grc' dir='ltr'><strong>σὺν</strong></span> <span class='ocrx_word' id='word_1_215' title='bbox 761 2422 827 2485; x_wconf 81' lang='grc' dir='ltr'><strong><em>τοῖς</em></strong></span> <span class='ocrx_word' id='word_1_216' title='bbox 852 2418 985 2498; x_wconf 80' lang='grc' dir='ltr'><strong><em>παροῦσι</em></strong></span> <span class='ocrx_word' id='word_1_217' title='bbox 1009 2419 1071 2477; x_wconf 78' lang='grc' dir='ltr'><strong>τῶν</strong></span> <span class='ocrx_word' id='word_1_218' title='bbox 1096 2421 1219 2494; x_wconf 78' lang='grc' dir='ltr'><strong><em>πιστῶν,</em></strong></span> 
     </span>
     <span class='ocr_line' id='line_1_28' title="bbox 142 2499 1289 2582; baseline -0.001 -19"><span class='ocrx_word' id='word_1_219' title='bbox 142 2539 150 2548; x_wconf 86' lang='lat'>-</span> <span class='ocrx_word' id='word_1_220' title='bbox 179 2506 237 2563; x_wconf 89' lang='lat' dir='ltr'><strong>ubi</strong></span> <span class='ocrx_word' id='word_1_221' title='bbox 265 2503 332 2565; x_wconf 87' lang='lat' dir='ltr'><strong>vid.</strong></span> <span class='ocrx_word' id='word_1_222' title='bbox 358 2502 554 2559; x_wconf 81' lang='lat' dir='ltr'><strong>Zeunium.“</strong></span> <span class='ocrx_word' id='word_1_223' title='bbox 594 2499 667 2558; x_wconf 87' lang='lat' dir='ltr'><strong>Huc</strong></span> <span class='ocrx_word' id='word_1_224' title='bbox 696 2504 863 2582; x_wconf 71' lang='lat' dir='ltr'><strong>pertinent</strong></span> <span class='ocrx_word' id='word_1_225' title='bbox 891 2515 928 2561; x_wconf 81' lang='lat' dir='ltr'><strong>ex</strong></span> <span class='ocrx_word' id='word_1_226' title='bbox 953 2500 1068 2562; x_wconf 84' lang='lat' dir='ltr'><strong>fabula</strong></span> <span class='ocrx_word' id='word_1_227' title='bbox 1093 2514 1220 2563; x_wconf 62' lang='lat' dir='ltr'><strong>nostrat</strong></span> <span class='ocrx_word' id='word_1_228' title='bbox 1285 2529 1289 2536; x_wconf 91' lang='lat'><em>·</em></span> 
     </span>
    </p>

    <p class='ocr_par' dir='ltr' id='par_1_7' title="bbox 70 2573 1224 2745">
     <span class='ocr_line' id='line_1_29' title="bbox 70 2573 1219 2665; baseline -0.002 -17"><span class='ocrx_word' id='word_1_229' title='bbox 70 2639 73 2648; x_wconf 88' lang='lat'>.</span> <span class='ocrx_word' id='word_1_230' title='bbox 178 2608 211 2649; x_wconf 88' lang='lat' dir='ltr'><strong>v.</strong></span> <span class='ocrx_word' id='word_1_231' title='bbox 223 2580 283 2648; x_wconf 70' lang='lat'><strong>143</strong></span> <span class='ocrx_word' id='word_1_232' title='bbox 302 2577 436 2665; x_wconf 72' lang='grc' dir='ltr'><strong><em>γηραλέα</em></strong></span> <span class='ocrx_word' id='word_1_233' title='bbox 455 2573 642 2659; x_wconf 71' lang='grc' dir='ltr'><strong>πιστώματα.</strong></span> <span class='ocrx_word' id='word_1_234' title='bbox 662 2580 816 2643; x_wconf 65' lang='lat' dir='ltr'><strong>norun</strong></span> <span class='ocrx_word' id='word_1_235' title='bbox 835 2581 927 2645; x_wconf 81' lang='grc' dir='ltr'><strong><em>πιστὰ</em></strong></span> <span class='ocrx_word' id='word_1_236' title='bbox 947 2582 1069 2646; x_wconf 81' lang='grc' dir='ltr'><strong>πιστῶν.</strong></span> <span class='ocrx_word' id='word_1_237' title='bbox 1088 2605 1120 2648; x_wconf 79' lang='lat' dir='ltr'><strong>r.</strong></span> <span class='ocrx_word' id='word_1_238' title='bbox 1139 2581 1219 2647; x_wconf 60' lang='lat'><strong>914,</strong></span> 
     </span>
     <span class='ocr_line' id='line_1_30' title="bbox 178 2660 1224 2745; baseline -0.007 -12"><span class='ocrx_word' id='word_1_239' title='bbox 178 2667 232 2733; x_wconf 77' lang='grc' dir='ltr'><strong>τὸν</strong></span> <span class='ocrx_word' id='word_1_240' title='bbox 251 2666 306 2731; x_wconf 87' lang='grc' dir='ltr'><strong>σὸν</strong></span> <span class='ocrx_word' id='word_1_241' title='bbox 325 2662 436 2729; x_wconf 83' lang='grc' dir='ltr'><strong><em>πιστὸν</em></strong></span> <span class='ocrx_word' id='word_1_242' title='bbox 461 2660 552 2726; x_wconf 80' lang='grc' dir='ltr'><strong><em>πάντ’</em></strong></span> <span class='ocrx_word' id='word_1_243' title='bbox 581 2660 753 2745; x_wconf 76' lang='grc' dir='ltr'><strong><em>ὀφθαλμὸν.</em></strong></span> <span class='ocrx_word' id='word_1_244' title='bbox 1222 2679 1224 2683; x_wconf 72' lang='grc'><strong>“</strong></span> 
     </span>
    </p>
   </div>
   <div class='ocr_carea' id='block_1_7' title="bbox 175 2775 1326 3047">
    <p class='ocr_par' dir='ltr' id='par_1_8' title="bbox 175 2775 1326 3047">
     <span class='ocr_line' id='line_1_31' title="bbox 260 2775 1326 2876; baseline 0.003 -21"><span class='ocrx_word' id='word_1_245' title='bbox 260 2817 293 2858; x_wconf 85' lang='grc' dir='ltr'><strong>ν.</strong></span> <span class='ocrx_word' id='word_1_246' title='bbox 318 2787 348 2856; x_wconf 78' lang='lat' dir='ltr'><strong>li.</strong></span> <span class='ocrx_word' id='word_1_247' title='bbox 386 2775 507 2876; x_wconf 72' lang='grc' dir='ltr'><strong><em>ἕδρανα</em></strong></span> <span class='ocrx_word' id='word_1_248' title='bbox 529 2793 586 2874; x_wconf 79' lang='lat' dir='ltr'><strong>alii</strong></span> <span class='ocrx_word' id='word_1_249' title='bbox 614 2805 770 2874; x_wconf 79' lang='lat' dir='ltr'><strong>oeperunt</strong></span> <span class='ocrx_word' id='word_1_250' title='bbox 797 2793 838 2857; x_wconf 88' lang='lat' dir='ltr'><strong>de</strong></span> <span class='ocrx_word' id='word_1_251' title='bbox 866 2794 1065 2872; x_wconf 68' lang='lat' dir='ltr'><strong>arietinis,</strong></span> <span class='ocrx_word' id='word_1_252' title='bbox 1097 2797 1155 2857; x_wconf 86' lang='lat' dir='ltr'><strong>alii</strong></span> <span class='ocrx_word' id='word_1_253' title='bbox 1176 2797 1218 2858; x_wconf 85' lang='lat' dir='ltr'><strong>de</strong></span> <span class='ocrx_word' id='word_1_254' title='bbox 1315 2839 1326 2845; x_wconf 92' lang='lat'>-</span> 
     </span>
     <span class='ocr_line' id='line_1_32' title="bbox 178 2860 1269 2963; baseline -0.005 -18"><span class='ocrx_word' id='word_1_255' title='bbox 178 2880 352 2946; x_wconf 82' lang='lat' dir='ltr'><strong>domiciliis</strong></span> <span class='ocrx_word' id='word_1_256' title='bbox 378 2899 405 2944; x_wconf 80' lang='lat' dir='ltr'><strong>s.</strong></span> <span class='ocrx_word' id='word_1_257' title='bbox 431 2879 579 2952; x_wconf 78' lang='lat' dir='ltr'><strong>domibus</strong></span> <span class='ocrx_word' id='word_1_258' title='bbox 607 2860 785 2950; x_wconf 71' lang='lat' dir='ltr'><strong>Persarum,</strong></span> <span class='ocrx_word' id='word_1_259' title='bbox 812 2881 867 2941; x_wconf 87' lang='lat' dir='ltr'><strong>vel</strong></span> <span class='ocrx_word' id='word_1_260' title='bbox 896 2877 976 2943; x_wconf 77' lang='lat' dir='ltr'><strong>adeo</strong></span> <span class='ocrx_word' id='word_1_261' title='bbox 1002 2888 1074 2963; x_wconf 86' lang='lat' dir='ltr'><strong>ipsa</strong></span> <span class='ocrx_word' id='word_1_262' title='bbox 1104 2882 1217 2942; x_wconf 79' lang='lat' dir='ltr'><strong>Xerxis</strong></span> <span class='ocrx_word' id='word_1_263' title='bbox 1267 2913 1269 2916; x_wconf 87' lang='grc'><em>·</em></span> 
     </span>
     <span class='ocr_line' id='line_1_33' title="bbox 175 2963 1214 3047; baseline -0.001 -19"><span class='ocrx_word' id='word_1_264' title='bbox 175 2969 272 3047; x_wconf 77' lang='lat' dir='ltr'><strong>regii.</strong></span> <span class='ocrx_word' id='word_1_265' title='bbox 316 2965 473 3024; x_wconf 80' lang='lat' dir='ltr'><strong>Neutrum</strong></span> <span class='ocrx_word' id='word_1_266' title='bbox 502 2966 579 3022; x_wconf 85' lang='lat' dir='ltr'><strong>satia</strong></span> <span class='ocrx_word' id='word_1_267' title='bbox 606 2969 703 3023; x_wconf 83' lang='lat' dir='ltr'><strong>recte.</strong></span> <span class='ocrx_word' id='word_1_268' title='bbox 751 2963 871 3024; x_wconf 86' lang='lat' dir='ltr'><strong>Melius</strong></span> <span class='ocrx_word' id='word_1_269' title='bbox 892 2965 1053 3047; x_wconf 80' lang='lat' dir='ltr'><strong>Staniejus</strong></span> <span class='ocrx_word' id='word_1_270' title='bbox 1081 2970 1119 3025; x_wconf 91' lang='lat' dir='ltr'><strong>in</strong></span> <span class='ocrx_word' id='word_1_271' title='bbox 1141 2968 1214 3027; x_wconf 85' lang='lat' dir='ltr'><strong>Cur.</strong></span> 
     </span>
    </p>
   </div>
   <div class='ocr_carea' id='block_1_8' title="bbox 84 3047 1214 3129">
    <p class='ocr_par' dir='ltr' id='par_1_9' title="bbox 84 3047 1214 3129">
     <span class='ocr_line' id='line_1_34' title="bbox 84 3047 1214 3129; baseline -0.001 -18"><span class='ocrx_word' id='word_1_272' title='bbox 84 3089 87 3095; x_wconf 93' lang='lat'>·</span> <span class='ocrx_word' id='word_1_273' title='bbox 176 3072 238 3112; x_wconf 85' lang='lat' dir='ltr'><strong>sec.</strong></span> <span class='ocrx_word' id='word_1_274' title='bbox 258 3049 299 3110; x_wconf 89' lang='lat' dir='ltr'><strong>de</strong></span> <span class='ocrx_word' id='word_1_275' title='bbox 317 3051 388 3128; x_wconf 85' lang='lat' dir='ltr'><strong>ipso</strong></span> <span class='ocrx_word' id='word_1_276' title='bbox 408 3047 492 3107; x_wconf 85' lang='lat' dir='ltr'><strong>solio</strong></span> <span class='ocrx_word' id='word_1_277' title='bbox 512 3050 598 3126; x_wconf 76' lang='lat' dir='ltr'><strong>regio</strong></span> <span class='ocrx_word' id='word_1_278' title='bbox 623 3049 863 3129; x_wconf 82' lang='lat' dir='ltr'><strong>interpretatur,-</strong></span> <span class='ocrx_word' id='word_1_279' title='bbox 889 3050 1043 3113; x_wconf 83' lang='lat' dir='ltr'><strong>advocato</strong></span> <span class='ocrx_word' id='word_1_280' title='bbox 1066 3056 1104 3110; x_wconf 91' lang='lat' dir='ltr'><strong>in</strong></span> <span class='ocrx_word' id='word_1_281' title='bbox 1132 3054 1214 3110; x_wconf 83' lang='lat' dir='ltr'><strong>auxi·</strong></span> 
     </span>
    </p>
   </div>
   <div class='ocr_carea' id='block_1_9' title="bbox 156 3125 1295 3718">
    <p class='ocr_par' dir='ltr' id='par_1_10' title="bbox 156 3125 1295 3718">
     <span class='ocr_line' id='line_1_35' title="bbox 173 3125 1214 3213; baseline -0.002 -19"><span class='ocrx_word' id='word_1_282' title='bbox 173 3136 256 3200; x_wconf 79' lang='lat' dir='ltr'><strong>lium</strong></span> <span class='ocrx_word' id='word_1_283' title='bbox 274 3135 384 3213; x_wconf 80' lang='lat' dir='ltr'><strong>Ajacis</strong></span> <span class='ocrx_word' id='word_1_284' title='bbox 402 3130 577 3211; x_wconf 83' lang='lat' dir='ltr'><strong>Sophoclei</strong></span> <span class='ocrx_word' id='word_1_285' title='bbox 593 3130 669 3190; x_wconf 85' lang='lat' dir='ltr'><strong>loco.</strong></span> <span class='ocrx_word' id='word_1_286' title='bbox 683 3152 714 3192; x_wconf 86' lang='lat' dir='ltr'><strong>v.</strong></span> <span class='ocrx_word' id='word_1_287' title='bbox 739 3125 810 3193; x_wconf 74' lang='grc'><strong>194.</strong></span> <span class='ocrx_word' id='word_1_288' title='bbox 833 3133 898 3194; x_wconf 83' lang='lat' dir='ltr'><strong>Sed</strong></span> <span class='ocrx_word' id='word_1_289' title='bbox 919 3156 962 3193; x_wconf 86' lang='lat' dir='ltr'><strong>ne</strong></span> <span class='ocrx_word' id='word_1_290' title='bbox 978 3135 1060 3196; x_wconf 85' lang='lat' dir='ltr'><strong>haec</strong></span> <span class='ocrx_word' id='word_1_291' title='bbox 1082 3135 1214 3213; x_wconf 82' lang='lat' dir='ltr'><strong>quidem</strong></span> 
     </span>
     <span class='ocr_line' id='line_1_36' title="bbox 173 3214 1215 3300; baseline -0.004 -20"><span class='ocrx_word' id='word_1_292' title='bbox 173 3219 399 3300; x_wconf 82' lang='lat' dir='ltr'><strong>interpretatio</strong></span> <span class='ocrx_word' id='word_1_293' title='bbox 419 3214 553 3275; x_wconf 82' lang='lat' dir='ltr'><strong>suffieit.</strong></span> <span class='ocrx_word' id='word_1_294' title='bbox 575 3214 687 3285; x_wconf 84' lang='lat' dir='ltr'><strong>Senes,</strong></span> <span class='ocrx_word' id='word_1_295' title='bbox 708 3218 825 3293; x_wconf 89' lang='lat' dir='ltr'><strong>quihus</strong></span> <span class='ocrx_word' id='word_1_296' title='bbox 847 3230 973 3278; x_wconf 86' lang='lat' dir='ltr'><strong>constat</strong></span> <span class='ocrx_word' id='word_1_297' title='bbox 992 3219 1118 3287; x_wconf 86' lang='lat' dir='ltr'><strong>chorus,</strong></span> <span class='ocrx_word' id='word_1_298' title='bbox 1140 3239 1215 3280; x_wconf 81' lang='lat' dir='ltr'><strong>con·</strong></span> 
     </span>
     <span class='ocr_line' id='line_1_37' title="bbox 173 3295 1216 3394; baseline -0.002 -30"><span class='ocrx_word' id='word_1_299' title='bbox 173 3305 290 3374; x_wconf 86' lang='lat' dir='ltr'><strong>siliarii</strong></span> <span class='ocrx_word' id='word_1_300' title='bbox 316 3312 401 3361; x_wconf 86' lang='lat' dir='ltr'><strong>sunt.</strong></span> <span class='ocrx_word' id='word_1_301' title='bbox 454 3302 625 3377; x_wconf 73' lang='lat' dir='ltr'><strong>capiamus</strong></span> <span class='ocrx_word' id='word_1_302' title='bbox 654 3302 752 3379; x_wconf 87' lang='lat' dir='ltr'><strong>igitur</strong></span> <span class='ocrx_word' id='word_1_303' title='bbox 774 3295 884 3377; x_wconf 73' lang='lat' dir='ltr'><strong>idoare</strong></span> <span class='ocrx_word' id='word_1_304' title='bbox 911 3303 951 3394; x_wconf 65' lang='lat' dir='ltr'><strong>dp</strong></span> <span class='ocrx_word' id='word_1_305' title='bbox 979 3303 1153 3378; x_wconf 80' lang='lat' dir='ltr'><strong>subselliis,</strong></span> <span class='ocrx_word' id='word_1_306' title='bbox 1179 3307 1216 3361; x_wconf 86' lang='lat' dir='ltr'><strong>in</strong></span> 
     </span>
     <span class='ocr_line' id='line_1_38' title="bbox 156 3379 1215 3467; baseline -0.004 -20"><span class='ocrx_word' id='word_1_307' title='bbox 156 3390 291 3467; x_wconf 83' lang='lat' dir='ltr'><strong>&#39;quibus</strong></span> <span class='ocrx_word' id='word_1_308' title='bbox 311 3384 531 3446; x_wconf 87' lang='lat' dir='ltr'><strong>consultantes</strong></span> <span class='ocrx_word' id='word_1_309' title='bbox 550 3382 675 3454; x_wconf 84' lang='lat' dir='ltr'><strong>sedent,</strong></span> <span class='ocrx_word' id='word_1_310' title='bbox 695 3404 832 3461; x_wconf 79' lang='lat' dir='ltr'><strong>quonrm</strong></span> <span class='ocrx_word' id='word_1_311' title='bbox 855 3379 983 3461; x_wconf 72' lang='grc' dir='ltr'><strong><em>φύλακες</em></strong></span> <span class='ocrx_word' id='word_1_312' title='bbox 1003 3398 1076 3467; x_wconf 87' lang='lat' dir='ltr'><strong>apte</strong></span> <span class='ocrx_word' id='word_1_313' title='bbox 1097 3408 1215 3447; x_wconf 87' lang='lat' dir='ltr'><strong>vocan-</strong></span> 
     </span>
     <span class='ocr_line' id='line_1_39' title="bbox 173 3468 1295 3549; baseline -0.002 -19"><span class='ocrx_word' id='word_1_314' title='bbox 173 3482 226 3531; x_wconf 87' lang='lat' dir='ltr'><strong>tur</strong></span> <span class='ocrx_word' id='word_1_315' title='bbox 245 3476 280 3542; x_wconf 90' lang='lat' dir='ltr'><strong>ii,</strong></span> <span class='ocrx_word' id='word_1_316' title='bbox 302 3475 360 3548; x_wconf 90' lang='lat' dir='ltr'><strong>qui</strong></span> <span class='ocrx_word' id='word_1_317' title='bbox 376 3470 566 3547; x_wconf 82' lang='lat' dir='ltr'><strong>frequenter</strong></span> <span class='ocrx_word' id='word_1_318' title='bbox 593 3470 634 3524; x_wconf 80' lang='lat' dir='ltr'><strong>in&#39;</strong></span> <span class='ocrx_word' id='word_1_319' title='bbox 648 3471 688 3525; x_wconf 88' lang='lat' dir='ltr'><strong>iis</strong></span> <span class='ocrx_word' id='word_1_320' title='bbox 718 3468 868 3529; x_wconf 88' lang='lat' dir='ltr'><strong>assident.</strong></span> <span class='ocrx_word' id='word_1_321' title='bbox 912 3470 965 3540; x_wconf 82' lang='lat' dir='ltr'><strong>Sic</strong></span> <span class='ocrx_word' id='word_1_322' title='bbox 996 3471 1057 3530; x_wconf 87' lang='lat' dir='ltr'><strong>hac</strong></span> <span class='ocrx_word' id='word_1_323' title='bbox 1082 3491 1214 3549; x_wconf 83' lang='lat' dir='ltr'><strong>quoque</strong></span> <span class='ocrx_word' id='word_1_324' title='bbox 1289 3495 1295 3510; x_wconf 52' lang='lat' dir='ltr'><strong>v</strong></span> 
     </span>
     <span class='ocr_line' id='line_1_40' title="bbox 173 3548 1213 3632; baseline -0.003 -18"><span class='ocrx_word' id='word_1_325' title='bbox 173 3559 211 3614; x_wconf 91' lang='lat' dir='ltr'><strong>in</strong></span> <span class='ocrx_word' id='word_1_326' title='bbox 231 3575 267 3614; x_wconf 87' lang='lat' dir='ltr'><strong>re</strong></span> <span class='ocrx_word' id='word_1_327' title='bbox 285 3552 465 3632; x_wconf 75' lang='lat' dir='ltr'><strong>Aeschylus</strong></span> <span class='ocrx_word' id='word_1_328' title='bbox 488 3553 624 3630; x_wconf 82' lang='lat' dir='ltr'><strong>vestigia</strong></span> <span class='ocrx_word' id='word_1_329' title='bbox 642 3550 722 3629; x_wconf 86' lang='lat' dir='ltr'><strong>legit</strong></span> <span class='ocrx_word' id='word_1_330' title='bbox 743 3548 928 3631; x_wconf 79' lang='lat' dir='ltr'><strong>Phrynichi,</strong></span> <span class='ocrx_word' id='word_1_331' title='bbox 951 3558 987 3613; x_wconf 93' lang='lat' dir='ltr'><strong>in</strong></span> <span class='ocrx_word' id='word_1_332' title='bbox 1008 3554 1098 3616; x_wconf 65' lang='lat' dir='ltr'><strong>cuius</strong></span> <span class='ocrx_word' id='word_1_333' title='bbox 1119 3553 1213 3611; x_wconf 84' lang='lat' dir='ltr'><strong>fabu-</strong></span> 
     </span>
     <span class='ocr_line' id='line_1_41' title="bbox 172 3632 1213 3718; baseline -0.005 -20"><span class='ocrx_word' id='word_1_334' title='bbox 172 3639 226 3698; x_wconf 79' lang='lat' dir='ltr'><strong>lae</strong></span> <span class='ocrx_word' id='word_1_335' title='bbox 269 3641 364 3704; x_wconf 89' lang='lat' dir='ltr'><strong>initio</strong></span> <span class='ocrx_word' id='word_1_336' title='bbox 397 3636 634 3717; x_wconf 87' lang='lat' dir='ltr'><strong>producebatur</strong></span> <span class='ocrx_word' id='word_1_337' title='bbox 656 3654 768 3693; x_wconf 88' lang='lat' dir='ltr'><strong>servus</strong></span> <span class='ocrx_word' id='word_1_338' title='bbox 789 3632 937 3712; x_wconf 77' lang='grc' dir='ltr'><strong><em>στρωννύς</em></strong></span> <span class='ocrx_word' id='word_1_339' title='bbox 967 3633 1100 3718; x_wconf 67' lang='grc' dir='ltr'><strong>θρόνους</strong></span> <span class='ocrx_word' id='word_1_340' title='bbox 1125 3632 1213 3705; x_wconf 61' lang='grc' dir='ltr'><strong><em>«τινὰς</em></strong></span> 
     </span>
    </p>
   </div>
   <div class='ocr_carea' id='block_1_10' title="bbox 80 3714 1251 3802">
    <p class='ocr_par' dir='ltr' id='par_1_11' title="bbox 80 3714 1251 3802">
     <span class='ocr_line' id='line_1_42' title="bbox 80 3714 1251 3802; baseline -0.003 -21"><span class='ocrx_word' id='word_1_341' title='bbox 80 3715 87 3729; x_wconf 63' lang='grc'><em>’</em></span> <span class='ocrx_word' id='word_1_342' title='bbox 172 3720 237 3791; x_wconf 69' lang='grc' dir='ltr'><strong><em>τοῖς</em></strong></span> <span class='ocrx_word' id='word_1_343' title='bbox 246 3722 299 3793; x_wconf 83' lang='grc' dir='ltr'><strong>τῆς</strong></span> <span class='ocrx_word' id='word_1_344' title='bbox 313 3716 403 3798; x_wconf 73' lang='grc' dir='ltr'><strong><em>ἀρχῆς</em></strong></span> <span class='ocrx_word' id='word_1_345' title='bbox 423 3714 584 3802; x_wconf 78' lang='grc' dir='ltr'><strong><em>παρέδροις</em></strong></span> <span class='ocrx_word' id='word_1_346' title='bbox 606 3716 663 3794; x_wconf 82' lang='lat' dir='ltr'><strong>(ci.</strong></span> <span class='ocrx_word' id='word_1_347' title='bbox 673 3717 871 3797; x_wconf 83' lang='lat' dir='ltr'><strong>hypothesin</strong></span> <span class='ocrx_word' id='word_1_348' title='bbox 884 3723 1051 3781; x_wconf 86' lang='lat' dir='ltr'><strong>Persarum</strong></span> <span class='ocrx_word' id='word_1_349' title='bbox 1066 3726 1101 3781; x_wconf 87' lang='lat' dir='ltr'><strong>in</strong></span> <span class='ocrx_word' id='word_1_350' title='bbox 1115 3718 1211 3795; x_wconf 69' lang='lat' dir='ltr'><strong>intr).</strong></span> <span class='ocrx_word' id='word_1_351' title='bbox 1247 3739 1251 3750; x_wconf 85' lang='grc'><strong><em>·</em></strong></span> 
     </span>
    </p>
   </div>
   <div class='ocr_carea' id='block_1_11' title="bbox 171 3802 1224 3973">
    <p class='ocr_par' dir='ltr' id='par_1_12' title="bbox 171 3802 1224 3973">
     <span class='ocr_line' id='line_1_43' title="bbox 171 3802 1212 3888; baseline -0.001 -23"><span class='ocrx_word' id='word_1_352' title='bbox 171 3806 216 3870; x_wconf 66' lang='lat' dir='ltr'>R</span> <span class='ocrx_word' id='word_1_353' title='bbox 242 3803 482 3888; x_wconf 75' lang='lat' dir='ltr'><strong>proculdubio</strong></span> <span class='ocrx_word' id='word_1_354' title='bbox 508 3803 567 3861; x_wconf 87' lang='lat' dir='ltr'><strong>illa</strong></span> <span class='ocrx_word' id='word_1_355' title='bbox 596 3802 752 3861; x_wconf 81' lang='lat' dir='ltr'><strong>subsellia</strong></span> <span class='ocrx_word' id='word_1_356' title='bbox 767 3807 1065 3886; x_wconf 82' lang='lat' dir='ltr'><strong>conspiciebantur</strong></span> <span class='ocrx_word' id='word_1_357' title='bbox 1087 3805 1124 3864; x_wconf 86' lang='lat' dir='ltr'><strong>in</strong></span> <span class='ocrx_word' id='word_1_358' title='bbox 1136 3815 1212 3864; x_wconf 72' lang='lat' dir='ltr'><strong>‘soe-</strong></span> 
     </span>
     <span class='ocr_line' id='line_1_44' title="bbox 173 3880 1224 3973; baseline -0.003 -21"><span class='ocrx_word' id='word_1_359' title='bbox 173 3911 225 3953; x_wconf 86' lang='lat' dir='ltr'><strong>na.</strong></span> <span class='ocrx_word' id='word_1_360' title='bbox 240 3923 283 3937; x_wconf 87' lang='lat'><strong>-</strong></span> <span class='ocrx_word' id='word_1_361' title='bbox 305 3887 409 3951; x_wconf 77' lang='lat' dir='ltr'><strong>schot</strong></span> <span class='ocrx_word' id='word_1_362' title='bbox 425 3887 459 3947; x_wconf 91' lang='lat' dir='ltr'><strong>B.</strong></span> <span class='ocrx_word' id='word_1_363' title='bbox 479 3883 647 3968; x_wconf 56' lang='grc' dir='ltr'><strong>πρεσβίαν]</strong></span> <span class='ocrx_word' id='word_1_364' title='bbox 667 3880 850 3965; x_wconf 66' lang='grc' dir='ltr'><strong>ἐντιμότατα.</strong></span> <span class='ocrx_word' id='word_1_365' title='bbox 892 3888 1096 3951; x_wconf 82' lang='lat' dir='ltr'><strong>Schuetzius:</strong></span> <span class='ocrx_word' id='word_1_366' title='bbox 1116 3907 1224 3973; x_wconf 57' lang='lat' dir='ltr'><strong>„pror</strong></span> 
     </span>
    </p>
   </div>
   <div class='ocr_carea' id='block_1_12' title="bbox 0 0 1364 4600">
    <p class='ocr_par' dir='ltr' id='par_1_13' title="bbox 0 0 1364 4600">
     <span class='ocr_line' id='line_1_45' title="bbox 0 0 1364 4600; baseline 0 3"><span class='ocrx_word' id='word_1_367' title='bbox 0 0 1364 4600; x_wconf 95' lang='lat' dir='ltr'><strong> </strong></span> 
     </span>
    </p>
   </div>
  </div>
 </body>
</html>
