2717 4600
553 142 947 232 'muth-x

201 321 276 384 Posi
295 319 382 393 ἄταις
400 329 560 404 punctum
589 313 767 403 posuimus,
790 342 860 400 qua
877 320 921 384 ob
941 320 1093 404 strophae
1109 339 1240 403 impon-

200 411 337 480 sioncm,
360 428 426 489 qua
443 408 487 468 ob
510 410 684 486 sequentia
702 400 882 487 θεομήστωρ
904 397 947 464 δ’.

281 561 312 601 v.
334 534 406 600 613.
452 519 535 599 Cum
562 537 759 600 Hermanno
779 539 816 596 in
837 537 925 619 Epit.
956 535 1056 598 doctr.
1084 546 1177 599 metr.
1206 560 1238 620 p.

198 618 271 690 276.
298 616 481 705 θεομήστωρ
509 616 541 681 d'
566 625 800 685 revocavimus.
839 620 994 681 Brunckii
1016 626 1170 683 correctio
1197 618 1240 698 τ’,

80 707 84 716 ’
199 712 348 787 quamvis
378 728 449 767 eam
477 705 640 767 collaudet
659 703 895 776 Blomfieldius,
926 707 968 765 ob
999 726 1112 766 sensus
1139 728 1240 785 quam

199 792 305 853 efficit
315 794 607 851 inconcinnitatem
628 791 829 872 repudianda
842 800 899 850 est.
923 789 1034 849 Etiam
1053 795 1180 870 gravior
1200 790 1241 849 fit

199 880 381 939 enuntiatio
401 880 517 936 iterata
538 878 769 954 conjunctione
792 869 834 950 δέ,
850 878 949 953 atque
972 877 1150 933 accuratior
1161 884 1240 934 stro·

164 1024 167 1028 ,
197 961 282 1043 phas
308 964 344 1021 in
375 982 440 1039 qua
462 953 611 1029 Mustio
631 952 673 1040 ¹d'
699 958 818 1040 legitur
838 962 979 1019 exoritur
999 962 1175 1038 responsio.
1196 990 1241 1003 —

201 1035 384 1126 Θεομήστωρ
411 1045 533 1105 dictum
563 1055 612 1104 est
634 1064 693 1125 pro
720 1036 830 1118 θεόφιν
856 1036 979 1123 μήστωρ
1008 1034 1179 1111 ἀτάλαντος
1206 1051 1241 1101 et

197 1123 253 1189 Διῒ
270 1131 356 1207 μῆτιν
376 1122 554 1203 ἀτάλαντος,
571 1128 667 1188 Hom.
691 1127 731 1188 ll.
752 1128 796 1188 11.
821 1122 893 1204 636.
918 1126 992 1189 VII.
1014 1120 1087 1187 366.
1110 1137 1144 1186 et
1160 1126 1238 1185 aliis

196 1213 288 1274 locis.
311 1212 420 1277 Schel.
443 1213 479 1276 Β.
502 1207 576 1282 θεὸς
595 1207 674 1272 κατὰ
698 1206 752 1281 τὰς
769 1204 892 1294 βουλάς.
919 1207 1024 1271 Schol
1042 1205 1078 1271 A.
1105 1204 1148 1269 τὰ
1168 1213 1241 1269 θεῖα

96 1313 106 1323 ‘
195 1291 385 1379 βουλόμενος.
476 1367 480 1376 ¹

278 1451 309 1491 v.
330 1421 402 1490 614.
441 1427 489 1493 Ex
510 1429 602 1488 Cant.
624 1425 652 1488 1.
676 1437 711 1488 et
731 1426 837 1488 Schol.
849 1425 884 1486 B.
903 1417 1055 1489 ἕπωδώκει
1074 1445 1242 1502 resumen-

197 1512 276 1574 dum
296 1516 490 1575 censuimus.
518 1513 662 1582 Etenim,
676 1515 804 1573 sirecte
818 1509 979 1582 videmus,
1002 1509 1089 1571 nihil
1104 1507 1243 1571 est-inc-

197 1593 291 1659 tonat.
313 1597 443 1658 Deinde
460 1607 598 1657 metrum
621 1598 752 1678 longam
772 1594 931 1677 efflagitat
948 1597 1243 1675 antepenultimam

133 1741 140 1752 ,
196 1683 366 1764 syllabam.
414 1682 569 1759 Denique
595 1681 674 1740 boni
702 1691 803 1741 testes
828 1672 979 1742 ἕπωὸὥκει
1004 1680 1243 1741 commendant.

197 1765 242 1827 At
259 1788 317 1826 cur
338 1766 475 1827 verbum
494 1758 624 1824 ἰποὸοῡν
651 1787 709 1846 pro
731 1758 864 1842 ἒφοὸοῦν
886 1764 1060 1846 repudient
1080 1765 1241 1837 Britanni,

197 1874 235 1911 ex
252 1855 364 1933 inepta
386 1870 496 1909 eorum
518 1854 758 1931 superstitione,
785 1869 851 1928 qua
872 1848 1001 1909 Ionicas
1029 1848 1241 1910 reformidant

196 1935 328 2004 formas,
355 1937 513 2012 sequitur.
556 1933 692 2014 Quoties
718 1929 851 1993 Ionicae
887 1932 1020 1993 dialecti
1051 1933 1177 1994 formae
1202 1939 1239 1994 in

195 2024 325 2101 tragicis
353 2022 575 2100 reperiuntur!
614 2017 744 2097 Ecquid
777 2013 860 2076 ἔσκεν
895 2015 1003 2078 Attica
1030 2016 1136 2078 forma
1166 2020 1237 2078 est?

196 2099 347 2164 Profecto
367 2103 407 2162 ad
426 2101 523 2162 huius
544 2107 663 2163 cantici
675 2101 820 2162 indolem
835 2099 920 2161 nihil
942 2105 1047 2184 aptius
1072 2104 1232 2184 excogitari

196 2199 315 2270 potest,
335 2210 434 2268 quam
458 2188 637 2247 alienarum
658 2203 775 2249 vocum
798 2207 886 2247 usus.
982 2225 994 2251 .

438 2333 575 2415 Stropha
604 2346 638 2395 et
668 2333 868 2414 antistropha
889 2336 995 2395 tertia.

530 2447 660 2538 :ab

496 2515 519 2541 υ
563 2524 591 2553 η-
603 2520 625 2543 ν
635 2530 661 2543 ι-

497 2596 521 2622 ν
532 2553 558 2617 s-
568 2598 591 2624 υ
604 2598 628 2624 υ
639 2597 664 2625 υ
675 2606 699 2619 .-
719 2583 827 2670 paeon.
847 2565 996 2640 hyparcut.
1018 2585 1086 2621 cum
1107 2583 1209 2621 ariaci.

777 2644 801 2670 V

496 2634 626 2707 ῦόυέ
637 2678 802 2706 υυυυυ

275 3088 331 3146 De
355 3087 418 3150 hac
447 3086 579 3169 stropha
608 3099 642 3148 et
665 3097 872 3178 nntistropha
903 3101 1066 3160 uberrime
1094 3097 1247 3180 disputa-

74 3252 79 3257 ·
106 3168 107 3171 ¹
161 3200 164 3205 ·
191 3175 240 3234 vit
259 3172 423 3234 Seidlerus
445 3174 501 3234 De
520 3193 603 3234 vers.
627 3175 754 3238 dochm.
788 3202 821 3261 p.
846 3179 896 3241 12.
918 3180 970 3245 29.
992 3180 1043 3251 87.
1066 3175 1139 3244 124.
1167 3180 1245 3243 163.

192 3252 263 3323 170.
280 3255 358 3318 ¹190.
379 3253 452 3326 278.
475 3261 625 3340 inprimis
647 3273 756 3321 autam
776 3285 809 3345 p.
835 3262 904 3333 197.
933 3284 1001 3347 seq.
1046 3268 1142 3348 Quae
1167 3289 1248 3348 pro·

191 3345 301 3422 posuit
318 3344 357 3403 V.
382 3345 416 3404 C.
434 3350 482 3404 ita
503 3364 522 3402 a
544 3363 621 3405 voro
642 3349 786 3424 proxime
805 3351 935 3421 absunt,
955 3363 993 3417 nt
1008 3373 1114 3433 pauca
1126 3363 1249 3412 tamen

126 3484 132 3501 ‚
191 3425 366 3505 releganda
384 3429 567 3499 videantur.
594 3425 701 3488 Primo
728 3434 823 3493 nobis
850 3434 984 3515 quidem
1013 3428 1082 3497 non
1107 3456 1234 3519 persua

191 3513 245 3579 sit,
265 3510 490 3574 dochmiacum
513 3511 687 3573 dimetrum
708 3518 803 3575 nobis
825 3528 994 3580 occurrere
1016 3526 1053 3580 in
1074 3521 1126 3580 his
1149 3525 1250 3581 voci-

191 3594 254 3652 bus
275 3589 370 3675 (tatia
389 3591 638 3681 &manupelli
662 3592 710 3655 tea
738 3598 816 3678 ἵκου,
845 3609 936 3663 etin
956 3606 1022 3665 his=
1049 3601 1134 3674 ὅπως
1152 3596 1251 3663 καινά
1330 3672 1331 3675 ¹

146 3740 150 3747 ¹
191 3695 224 3736 τε
243 3671 333 3770 κλύῃς
353 3679 406 3741 νέα
424 3678 456 3743 τ’
478 3677 544 3760 ἄχη,
565 3681 686 3759 quibus
708 3682 915 3748 dochmiacus
944 3698 1157 3760 monometer,
1189 3692 1252 3748 oui

186 3782 298 3843 paeon
328 3770 452 3845 primus
487 3765 766 3846 hypercatalectus
801 3794 874 3832 cum
912 3776 1061 3833 anacrusi
1096 3774 1252 3833 iambica
1330 3792 1331 3795 ’

194 3843 356 3923 adhaeret,
377 3853 570 3911 continetur.
614 3849 739 3930 Quodsi
765 3860 811 3916 ita
838 3862 1073 3918 constituamus
1095 3854 1252 3927 versum,
