2717 4600
619 112 1001 218 --ιρα-Ι

236 319 334 402 καιρῷ
360 315 482 399 ἔφυγον,
505 321 657 402 τροπικῶς
686 315 751 380 ἀπὸ
771 319 834 381 τῶν
860 315 892 380 ἒν
910 320 1025 399 χειμῶνι
1041 313 1198 398 πῖιόντων,
1223 315 1273 382 ὅτε

235 402 375 465 πνέουσιν
402 400 543 482 ὀλέθριοι
563 401 673 484 ἄνεμοι.
699 398 789 473 Τινὲς
809 397 843 465 δὲ
862 406 956 464 τοῦτο
976 400 1071 480 φασὶν
1098 402 1201 482 οὕτως,
1227 400 1273 466 ὅτι

233 485 337 563 ἐκεῖσε,
358 489 457 567 φησίν,
474 486 599 549 ἀπίασιν
614 485 700 549 ‘droa
722 484 836 558 αὐτοὺς
864 483 882 546 ὁ
907 485 1016 567 ἄνεμος
1035 485 1128 572 φέρει.

319 602 350 676 ν.
373 606 445 675 449.
490 610 645 696 Αἴρεσθαι
675 609 773 692 φυγὴν
800 619 862 675 etsi
890 619 967 674 satis
996 615 1160 695 eleganter
1188 616 1272 676 dica-

235 710 307 769 tur,
348 720 416 759 non
441 708 552 758 tamen
583 711 651 769 est,
693 721 750 758 cur
773 702 832 780 pro
860 700 992 779 vulgata
1017 697 1174 781 αἱροῦνται
1200 721 1272 761 cum

233 777 391 842 Elmsleio
412 794 445 841 et
463 782 671 844 Blomfieldio
693 780 834 864 αἴρονται
853 785 1041 842 scribamus.

314 929 345 970 ν.
368 899 441 968 450.
485 908 710 969 Blomfieldius
740 908 780 968 ad
801 930 833 970 r.
855 902 928 970 443.
956 913 1017 969 ita=
1044 909 1172 989 „Vulgo
1199 901 1274 967 duu-

233 994 317 1072 usp*
337 1012 366 1051 εν
393 987 424 1060 ἔς
449 1010 482 1052 τε
502 991 542 1050 Φ.
561 1012 587 1071 χ.
632 993 695 1051 Sed
717 1015 821 1070 quum
850 994 1011 1075 particula
1035 1012 1067 1051 τε
1092 997 1128 1052 in
1147 1015 1177 1054 v.
1201 987 1273 1054 448.

236 1078 307 1137 nihi
352 1077 488 1136 haberet
518 1076 559 1135 ad
587 1077 674 1155 quod
694 1077 880 1148 referretur,
906 1077 1093 1136 Schuetzius
1119 1081 1273 1157 corrigere

233 1161 340 1224 voluit
363 1159 404 1219 Οἵ
417 1155 448 1218 τ’
467 1158 639 1240 ἐκπερῶμεν.
661 1160 784 1220 Lenior
801 1172 862 1231 est,
881 1182 980 1239 quam
1004 1160 1139 1220 adhibui
1157 1162 1274 1221 Bothei

234 1242 394 1305 medela.“
435 1241 479 1304 At
498 1249 618 1304 rectius
641 1244 805 1305 Butlerusz
834 1244 900 1316 „Et
921 1244 1004 1304 mihi
1027 1245 1160 1323 quidem
1189 1258 1275 1305 sarta
1328 1306 1329 1311 ,

232 1341 320 1393 tecta
345 1328 498 1390 videntur
529 1333 649 1399 omnia,
679 1328 736 1388 sed
759 1339 890 1410 poetam
928 1333 1036 1387 minus
1071 1329 1274 1390 luculentam
1328 1318 1329 1339 ¹

230 1413 391 1491 loquendi
424 1416 585 1472 rati0nem
611 1413 760 1473 consulto
797 1413 982 1473 adhibuisse
1019 1414 1175 1483 arbitror,
1208 1435 1273 1493 quo

233 1502 368 1582 propius
391 1497 431 1557 ad
451 1500 621 1558 veritatem
648 1497 826 1557 accederet.
877 1497 1008 1577 Quippe
1036 1497 1144 1557 solent
1170 1497 1275 1557 homi-

233 1602 292 1643 nes
315 1586 352 1640 in
370 1602 406 1640 re
423 1580 550 1661 trepida
575 1602 613 1640 ac
636 1586 770 1641 summis
798 1581 990 1641 infortuniis
1016 1585 1125 1641 animo
1149 1594 1273 1662 pertur-

232 1671 310 1730 bato
333 1670 442 1725 minus
465 1669 627 1725 concinne
647 1666 775 1743 loqui.“
813 1663 915 1743 Atqui
932 1685 968 1725 re
993 1664 1182 1745 diligentius
1203 1688 1275 1747 per·

232 1770 336 1836 pensa
357 1771 401 1810 ne
423 1748 642 1809 anacoluthon
656 1749 799 1833 'quidem
819 1770 991 1829 agnoscere
1011 1762 1189 1828 possumus.
1220 1752 1274 1810 Ni·

232 1841 353 1901 mirum
371 1831 569 1914 respondent
594 1834 658 1895 sibi
680 1831 712 1891 ἔν
731 1852 763 1892 τε
782 1836 821 1893 Β.
841 1853 867 1912 χ.
888 1845 922 1894 et
943 1855 975 1896 v.
995 1827 1067 1895 453.
1089 1829 1170 1905 dere
1191 1833 1231 1892 Φ.
1247 1854 1272 1914 χ.

232 1919 333 1983 Modo
354 1929 430 2000 post
446 1912 526 1976 κενοὶ
549 1921 805 2000 interpuugatnr.

315 2064 348 2108 v.
369 2035 442 2104 451.
490 2042 691 2103 Blomfieldii
719 2044 980 2105 emendationem
1010 2034 1141 2103 druilsd’
1171 2044 1266 2102 arbitr

229 2130 379 2193 facimus.
420 2126 652 2209 Imperfectum
672 2130 759 2189 bene
781 2129 972 2190 adsensum
999 2129 1147 2208 quadrat.
1182 2127 1262 2201 Nam

227 2235 300 2289 uon
321 2211 425 2273 semel
444 2223 478 2270 et
498 2233 565 2271 uno
583 2224 749 2272 momento
767 2213 825 2273 sed
842 2214 1014 2294 paullatim
1041 2208 1117 2303 δίψη
1142 2212 1268 2270 πονοῦν-

230 2319 277 2371 τες
298 2309 332 2359 et
351 2290 406 2357 ὑπ’
419 2291 587 2378 ἄσθματος
605 2293 705 2366 κενοὺς
725 2303 861 2377 periisse
883 2298 990 2359 dicere
1009 2298 1083 2359 vult
1108 2300 1254 2357 nuntius.

230 2373 234 2380 ⁴
312 2379 363 2442 Ad
384 2387 526 2459 κρηναῖον
544 2375 636 2453 γάνος
659 2382 767 2442 Schol.
787 2380 828 2443 A.
851 2382 1024 2466 adspersit=
1053 2377 1148 2450 τόπος
1173 2383 1274 2439 Βοιω·

229 2462 332 2543 τίαςὴ
354 2460 470 2545 Κρήνη.
513 2464 609 2546 Quod
635 2467 768 2544 quidem
800 2472 1023 2527 testimonium
1041 2471 1149 2546 rejicit
1171 2465 1277 2523 Brun·

230 2554 322 2613 ckius
352 2548 476 2609 scholio
505 2571 542 2609 ex
572 2548 641 2609 cod.
672 2549 710 2611 B.
743 2550 890 2611 desumto
919 2555 1021 2610 nisus.
1083 2546 1127 2609 At
1156 2550 1276 2610 verba:

229 2633 322 2716 ὕδωρ,
338 2627 426 2716 παρὰ
445 2617 482 2692 fd
502 2627 544 2691 τὰ
566 2634 637 2706 γυῖα
657 2630 757 2693 ῑαίνειν
786 2655 854 2693 uon
881 2634 921 2694 ad
944 2635 1124 2714 quamlibet
1154 2654 1278 2712 aquam

229 2731 373 2804 spectare
392 2728 541 2800 possunt,
563 2716 620 2775 sed
642 2716 683 2776 ad
707 2717 834 2777 fontem
856 2719 1008 2788 calidum,
1031 2740 1128 2797 quem
1152 2720 1198 2777 ob
1230 2720 1278 2778 vi·

228 2829 278 2872 res
302 2807 371 2862 eius
392 2802 537 2882 salubres
557 2793 665 2881 κρήνην
685 2796 756 2860 κατ’
784 2798 888 2882 ἐξοχὴν
908 2808 1112 2862 nominatum
1141 2823 1161 2859 a
1190 2812 1279 2860 cete·

227 2896 273 2949 ris
300 2884 537 2964 quodammodo
569 2885 732 2946 diversum
757 2906 828 2945 esse
855 2886 1000 2946 indicare
1028 2887 1103 2947 vult
1129 2884 1206 2945 cod.
1240 2886 1277 2943 Β.

228 2971 431 3032 scholiastes.
474 2968 590 3046 Itaque
613 2987 697 3047 quae
713 2974 861 3051 opposita
881 2971 1033 3032 videntur
1056 2974 1178 3049 optime
1200 2981 1281 3029 con-

228 3058 391 3117 cillantur.
436 3052 529 3110 Licet
548 3071 614 3112 non
635 3065 861 3134 repugnemus,
891 3060 919 3114 si
950 3060 1025 3134 quis
1052 3076 1090 3113 ea
1117 3052 1281 3132 Aeschyli

227 3143 328 3205 verba
347 3138 387 3197 de
404 3137 518 3195 Dirces
539 3136 632 3197 fonte
663 3142 808 3219 achpere
835 3137 939 3199 malit.
984 3135 1175 3197 Thebarum
1202 3155 1281 3218 κρη-

226 3231 308 3286 ναῖαι
333 3226 431 3281 etiam
456 3213 548 3277 πύλαι
577 3225 774 3282 exstiterunt.
841 3223 950 3303 Quare
984 3227 1129 3300 κρηναῖον
1161 3221 1281 3280 littera

225 3306 409 3370 minuscula
428 3308 623 3384 scripsimus.
646 3305 730 3367 Vide
743 3307 955 3368 Valckenaer.
980 3306 1020 3366 ad
1040 3299 1161 3366 Herod.
1180 3305 1280 3376 VIII,

228 3392 297 3455 115.
318 3403 351 3451 et
374 3388 461 3449 conf.
482 3388 611 3450 Lucret.
634 3389 695 3460 VI,
718 3388 809 3451 1262.
830 3393 891 3453 Per
911 3390 1112 3450 BruncIrIum
1133 3389 1196 3449 alii
1218 3392 1284 3447 cri·

225 3471 285 3562 tici
304 3477 382 3536 falsi
404 3483 491 3533 sunt.

309 3625 341 3664 v.
364 3595 437 3662 452.
481 3572 706 3662 Blomfieldiua
730 3612 819 3661 recte
842 3595 918 3690 δίψη
946 3617 983 3662 αι
1006 3598 1076 3662 cod.
1101 3598 1196 3659 Med.
1226 3618 1286 3660 re-

224 3691 343 3769 posuit.
386 3687 438 3745 Ita
459 3690 557 3746 etiam
577 3677 650 3744 459.
676 3685 740 3744 ubi·
752 3687 913 3748 editiones
935 3696 1015 3747 vett.
1050 3696 1083 3758 et
1103 3683 1201 3762 quod
1226 3704 1287 3741 su·

225 3770 417 3851 spicandum
445 3767 536 3830 codd.
563 3769 698 3851 plurimi
720 3763 795 3863 διἰρη
821 3773 989 3857 praebent.
1033 3768 1118 3833 Vide
1146 3764 1285 3827 Blomf.
1328 3797 1329 3852 ]

225 3865 337 3918 notam
360 3852 401 3914 ad
418 3851 456 3913 h.
473 3854 497 3914 l.
581 3903 585 3910 ,
730 3888 735 3893 ·
1025 3895 1028 3902 1
1134 3956 1169 3997 v·
1199 3926 1285 3995 456·
