2717 4600
498 159 768 224 ...59-

194 358 225 400 ν.
245 331 318 398 239.
362 334 555 416 Scripsimus
575 326 654 409 dier,
680 337 760 412 quie
789 335 859 393 eius
887 332 1039 396 edieoiivi
1063 355 1085 392 α
1106 346 1155 397 est

17 482 18 505 ,
113 425 221 492 breve,
241 420 415 499 elongem.
768 452 775 457 -

17 510 19 535 ¹
193 540 224 581 v.
247 509 318 576 245.
358 514 562 585 Scholiasten
582 510 625 574 A.
645 518 724 573 satis
745 524 833 573 recte
852 517 1058 596 perspexisse,
1074 514 1155 590 qnid
1205 538 1209 545 ·

114 605 176 664 sibi
194 602 305 671 vellet,
327 621 401 660 curn
421 620 507 678 quae
529 609 712 678 sequuntur
740 600 905 668 scriberet,
930 598 1026 661 valde
1055 598 1154 656 addu-

17 720 19 727 ν
111 691 266 748 bitamus:
285 679 458 759 πλαγκτοῖς,
478 678 519 754 ὥς
541 679 579 743 ἂν
599 679 685 761 rinei
696 700 740 751 τις
761 675 902 752 διαύλοις.
947 677 997 741 Τὰ
1019 678 1079 757 γὰρ
1101 676 1156 739 κύ-

111 791 191 851 ματα
214 767 338 848 ἐγχεῖται
367 764 419 828 καὶ
445 762 613 827 ὑπονοστεῖ.
641 760 796 846 diuideret
826 759 860 824 δὲ
886 771 951 835 ταῖς
980 760 1035 825 δύο
1062 760 1156 837 πλαξὶ

112 857 163 933 τῆς
183 848 343 931 θαλάσσης
369 871 401 912 τε
422 848 474 912 καὶ
490 853 555 928 γῆς.
581 847 636 927 Ἥ,
657 847 689 910 ἓν
718 845 869 927 Σαλαμῖνι
898 846 950 909 καὶ
976 851 1162 919 Πλαταιαῖς.-

113 940 218 999 Multo
239 938 359 998 melius
377 935 483 997 Schol.
504 937 540 995 B.
560 929 738 1013 πλανητοῖς]
759 929 1002 1014 πλησιαζομένοις
1021 930 1082 993 ὑπὸ
1094 937 1156 994 τῶν

110 1017 251 1101 κυμάτων
292 1017 313 1100 ἢ
351 1018 383 1080 ἐν
417 1015 465 1090 αῖς
497 1013 597 1079 ταῦτα
629 1013 809 1077 πλανῶνται.
858 1013 1071 1100 Aminneum]
1110 1013 1157 1077 dr·

112 1103 199 1177 πλαῐς
234 1102 344 1175 deren
376 1098 552 1183 Σαλαμῖνος
589 1097 641 1161 καὶ
681 1104 735 1178 τῆς
779 1102 833 1178 γῆς
870 1098 893 1174 ἢ
933 1108 1000 1171 ταῖς
1037 1097 1156 1174 διπλαῖς

112 1188 188 1252 ἔνθα
204 1188 379 1269 φερομέναις
404 1190 553 1268 στροφαῖς
570 1180 720 1265 κυμάτων.
763 1183 915 1247 Attamen
933 1191 962 1247 si
983 1191 1057 1266 quis
1080 1209 1156 1247 cum

112 1275 218 1337 Schol.
241 1277 274 1334 B.
283 1285 377 1334 ‘stare
396 1274 488 1343 velit,
518 1276 718 1350 quemquam
744 1291 811 1330 non
830 1291 1057 1354 repugnamus,
1088 1293 1157 1331 non

114 1381 268 1440 negamus
285 1379 359 1418 cum
379 1357 609 1438 simpliciorem
629 1366 701 1414 tum
719 1355 888 1416 meliorem
910 1377 980 1416 esse
997 1360 1156 1438 interpre-

113 1449 282 1513 tationem,
303 1463 341 1502 er
363 1462 428 1519 que
446 1433 584 1503 δίπλακες
606 1438 835 1521 intelliguntur
855 1440 911 1502 vel
932 1461 1033 1503 naves
1053 1444 1155 1522 ipsae,

114 1527 169 1589 vel
187 1547 298 1587 earum
316 1525 440 1584 rudera.

197 1644 229 1684 v.
253 1615 325 1686 247.
366 1621 549 1682 Multorum
569 1614 660 1681 codd.
690 1632 724 1680 et
744 1620 815 1681 edd.
835 1631 982 1683 veterum
1008 1625 1156 1684 omnium

113 1706 288 1767 lectionem
308 1700 434 1765 ναῖὸισιν
462 1710 545 1785 quin
568 1705 795 1766 reduceremus
824 1705 932 1766 facere
961 1729 1029 1767 non
1049 1713 1157 1789 potui·

113 1813 194 1850 mus.
234 1787 396 1849 Schuetzii
416 1790 588 1868 aliorumq.
615 1794 776 1869 scriptura
798 1800 831 1849 et
853 1796 1086 1852 correctionem
1105 1813 1156 1852 re·

112 1874 210 1948 delet,
233 1885 266 1933 et
286 1878 322 1932 in
341 1876 445 1934 tribus
466 1884 592 1934 tentum
619 1873 710 1933 codd.
738 1878 916 1936 invenitur.
953 1877 1070 1954 Neque
1094 1882 1156 1935 mi·

112 1979 173 2016 nus
197 1979 229 2019 v.
253 1951 317 2019 304
344 1955 469 2018 vuiororv
495 1962 688 2038 recepimus.
748 1959 932 2037 Utrobique
963 1956 1090 2019 relinere
1117 1983 1156 2021 er

113 2043 204 2105 Cant.
221 2039 249 2102 1.
272 2043 311 2101 ad
332 2043 361 2101 h.
380 2043 403 2103 l.
430 2042 596 2123 adoptavit
615 2040 856 2117 Blomfieldius,
870 2064 969 2121 quern
988 2049 1026 2102 in
1037 2035 1098 2105 hac
1118 2067 1156 2107 re

112 2127 224 2185 multis
243 2126 395 2186 refellere
418 2146 476 2184 nos
499 2125 609 2206 pudet.

194 2209 303 2267 Multo
332 2210 561 2287 elegantiorem
584 2218 748 2288 poetaque
775 2207 954 2288 digniorem
978 2211 1156 2273 lectionem

111 2287 184 2361 λεὼς
206 2314 243 2351 er
264 2291 356 2354 codd.
379 2287 518 2374 Guelph.
538 2292 580 2353 K.
606 2292 745 2371 aliisque
764 2294 801 2351 in
821 2305 941 2353 textum
962 2300 1154 2377 recepimus,

112 2378 236 2437 Scimus
256 2376 390 2455 quidem
411 2377 507 2457 longe
526 2382 650 2456 majore
668 2399 705 2435 er
722 2381 943 2437 monumentis
965 2386 1156 2442 auctoritate

52 2464 56 2471 '
114 2462 248 2521 alteram
268 2461 444 2521 lectionem
463 2481 533 2521 esse
553 2471 712 2530 ornatam,
739 2472 882 2520 attamen
915 2484 986 2521 cum
1005 2468 1042 2523 in
1062 2466 1156 2526 libris

109 2545 368 2628 pervestigandis
391 2556 425 2604 et
440 2544 646 2605 conferendis
669 2545 879 2624 religiositate
898 2557 1037 2618 utamur,
1059 2570 1101 2610 ne
1119 2556 1156 2610 in

111 2634 375 2710 superstitionem
393 2630 587 2699 incidamus,
605 2629 701 2688 nobis
714 2650 843 2711 semper
861 2650 975 2691 cavere
990 2633 1156 2697 debemus.

113 2713 388 2794 Quandoquidem
409 2708 483 2782 λεὼς
504 2708 537 2773 h.
558 2712 581 2773 1.
605 2724 698 2776 notat
719 2706 857 2792 στρατός,
877 2720 994 2792 quovis
1021 2722 1155 2797 pignore

113 2802 313 2867 certarimus,
334 2802 509 2876 genuinam
528 2798 705 2857 lectionem
729 2797 892 2856 detrusam
921 2821 992 2859 esse
1018 2822 1036 2859 a
1067 2806 1156 2862 criti-

111 2885 170 2949 cis,
200 2885 260 2958 qui
277 2874 350 2948 λεὼς
370 2881 412 2940 de
439 2886 579 2941 exercitu
603 2885 752 2962 usurpari
778 2885 965 2965 ignorantes
991 2884 1048 2960 (cf.
1076 2909 1154 2948 vero

108 2986 141 3025 v.
160 2962 212 3024 81.
234 2961 321 3040 100.)
343 2985 401 3045 pro
424 2965 601 3025 ealliditate
622 2986 681 3025 sua
702 2985 770 3024 non
782 2970 970 3027 universum
987 2971 1155 3050 populum,

111 3048 170 3109 sed
180 3051 352 3109 exercitum
364 3059 492 3112 tanturn
501 3050 670 3110 Persarum
679 3053 842 3110 interiisse
853 3053 1155 3117 animadverterent.

368 3188 504 3280 Stropha
525 3201 559 3251 et
581 3189 782 3273 antistropha
799 3197 902 3253 tertia.

110 3700 206 3760 Conf.
228 3701 338 3762 Herm.
363 3702 415 3761 De
436 3712 528 3761 metr.
546 3722 579 3783 p.
595 3695 666 3762 249.
690 3702 795 3760 Elem.
818 3701 902 3760 doct.
922 3713 1015 3764 metr.
1036 3702 1150 3786 12231.

106 3782 198 3927 ἓὲἰῖι.
220 3784 435 3930 ἆοοιιὲθιιιοῐι.
455 3807 487 3867 p.
501 3782 553 3848 88.
568 3779 640 3853 247.
654 3779 717 3848 254
739 3796 773 3846 et
785 3785 966 3850 semlerum
986 3789 1037 3849 De
1052 3810 1152 3851 verss.

155 3888 172 3926 e
197 3889 238 3927 m.
256 3889 288 3950 p.
351 3912 359 3933 .
