2717 4600
509 177 778 246 ..253-

123 357 272 416 ctoritate
293 347 419 431 δυσμαῖς
445 353 656 424 restituimus,
685 371 784 429 quem
814 349 960 412 dativum
991 351 1164 428 requirunt

121 439 361 522 praecedentiez
378 437 442 495 ποῦ
462 467 506 481 -
526 429 672 517 ῖδρυσθαι
691 428 821 512 χθονόςς
842 430 1163 499 AdsentiunturPor·

36 588 40 597 ,
122 544 232 592 sonus,
252 519 478 594 Blomfreldius
499 531 533 580 et
553 522 766 602 praeaeteris
788 517 954 582 schot-A.
978 522 1071 576 cuius
1092 537 1164 577 ver·

121 610 164 669 be
186 607 266 664 haec
288 615 380 664 sunt:
402 599 565 680 ἐρωτηθεὶς
586 598 604 661 ὃ
625 599 717 684 χορὸς
736 605 798 661 nor]
819 597 939 674 λέγουσι
958 597 1014 672 τὰς
1030 594 1163 671 Ἀθήνας

121 693 310 772 κρατεῖσθαι,
338 683 390 747 καὶ
414 684 446 748 ἐν
468 687 549 765 ποίῳ
574 684 653 768 μέρει
677 688 731 764 τῆς
756 688 820 764 γῆς,
842 685 940 768 φησίν,
969 678 1020 746 δτι
1047 679 1164 766 μακρὰν

120 769 198 855 πρὸς
225 776 302 843 ταῑς“
319 766 444 850 δυσμαῖς
472 774 546 833 των
566 764 785 851 φθινασμάτων
817 773 873 830 τοῦ
900 771 978 829 θεοῦ
1004 762 1100 847 ἡλίου.
1120 799 1164 813 -

121 859 256 941 Propter
284 861 518 919 connexionem
546 851 671 934 δυσμαῖς
696 849 923 933 φθινασμάτων,
949 875 1066 915 vocum
1092 851 1175 915 fere¹

62 1012 66 1019 .
123 942 268 1002 eiusdem
298 945 476 1022 potestatis,
502 940 669 1001 inficetam
700 961 771 1000 esse
799 944 1059 1001 enuntiationem
1089 958 1164 996 cen·

122 1036 259 1087 suerunt
285 1028 390 1084 critici
415 1029 623 1085 recentiores.
669 1022 779 1102 Quare
803 1034 859 1085 aut
881 1017 1005 1100 δυσμαῖς
1025 1057 1067 1068 -
1086 1025 1165 1096 φθι-

122 1105 272 1188 νάσμασιν
295 1118 350 1168 aut
372 1102 548 1186 δυσμὰς-
566 1099 763 1185 φθινάσματα
782 1126 990 1188 proposuere.
1011 1107 1062 1168 ef.
1087 1109 1166 1165 Pau·

123 1199 237 1265 wium,
258 1191 446 1261 Boethium,
468 1191 687 1261 Schuetzium',
705 1188 883 1264 Butlerum,
913 1191 1165 1260 Blomiieldium,

126 1279 215 1338 alios.
257 1274 299 1335 At
320 1294 450 1337 omnem
474 1278 707 1335 correctionem
731 1280 856 1355 respuit
886 1287 992 1357 poeta,
1020 1276 1166 1356 quando·
1222 1342 1226 1347 ,

124 1361 259 1442 quidem
281 1359 466 1419 huius·Ioci
486 1360 694 1439 pleonasmus
722 1362 1028 1442 circumscriptionis
1053 1361 1166 1438 generi

129 1444 347 1504 accensendus
368 1454 427 1517 est,
455 1448 559 1523 poetis
587 1447 724 1502 maxime
751 1448 878 1503 usitato.
915 1445 964 1503 Cf.
990 1445 1102 1505 Herm.
1126 1442 1167 1502 ad

126 1529 199 1608 Vig.
219 1551 252 1609 p.
275 1525 335 1592 887
364 1539 397 1587 et
411 1522 560 1586 tiebolin
578 1547 609 1608 p.
631 1525 702 1588 121.
730 1528 820 1587 Dein
846 1548 931 1607 quae
957 1528 1117 1589 vocabula
1147 1547 1167 1585 a

128 1617 247 1672 criticis
272 1616 344 1673 aeri
364 1616 466 1680 nostri
485 1632 666 1691 synonyma
687 1615 919 1683 existimantur,
939 1634 1007 1674 non
1027 1623 1167 1690 suntsy·

128 1717 279 1775 nonyma.
306 1695 456 1755 'Etenim
474 1688 584 1774 δυσμαδ
604 1700 782 1769 arctiorem,
803 1691 1002 1774 φθινάσματα
1015 1696 1166 1756 latiorem

127 1779 251 1840 habent
271 1779 547 1841 consuetudinem.
590 1779 683 1922 (ἔφατο
712 1791 762 1841 est
786 1786 948 1840 sententia
967 1780 1167 1840 Scholiastae

96 1929 98 1933 ,
125 1862 170 1922 An
189 1859 237 1922 ὅτε
259 1861 318 1946 γὰρ
340 1859 400 1924 δύα
420 1858 438 1942 δ
460 1859 553 1942 ἣλιος,
575 1858 607 1922 ἐκ
639 1864 704 1923 ίπει.
745 1864 935 1925 Simillimus
953 1877 1003 1925 est
1022 1866 1114 1926 locus
1129 1869 1167 1923 in

125 1946 229 2009 l'rom.
249 1970 281 2011 v.
306 1944 341 2008 6‘2
362 1942 569 2026 ἀδαμαντίνων
588 1943 702 2025 δεσμῶν
729 1943 761 2006 ἓν
789 1944 947 2029 ἀρ’ῥήκτσις
967 1945 1088 2020 πέδαις.
1122 1950 1184 2013 Ut.

124 2052 202 2092 vero
226 2038 366 2113 quisque
386 2031 483 2091 huius
501 2036 551 2092 rei
577 2032 748 2112 scrupulus
771 2035 945 2104 evellatur,
966 2034 1168 2094 monendum

125 2127 186 2186 est,
198 2118 315 2179 'talem'
327 2116 553 2196 pleonasmum
582 2117 714 2176 Graecis
740 2118 786 2174 ita
804 2118 968 2197 vulgarem
987 2118 1099 2191 fuisse,
1129 2129 1167 2177 nt

124 2199 383 2260 Schoineus
399 2220 468 2257 non
494 2199 590 2259 modo
618 2216 685 2258 non
713 2197 846 2278 dignum
874 2205 934 2278 qui
956 2203 1168 2282 otplicaretur

125 2294 285 2355 censeret,
305 2283 362 2343 sed
378 2294 412 2343 et
432 2286 503 2365 ipse
523 2282 637 2343 eadem
661 2281 762 2364 plane
788 2294 932 2343 uteretur
957 2290 1167 2346 constructio-

56 2431 61 2440 ,
125 2389 182 2429 ne.
206 2369 255 2430 Cf.
274 2388 360 2446 quae
382 2388 479 2449 supra
501 2371 714 2428 enatavimus.
739 2399 779 2427 r-
820 2369 1001 2429 Paululum
1015 2392 1107 2429 secus
1129 2391 1176 2430 ac,

125 2474 188 2513 nos
215 2453 390 2512 lectionem
417 2445 635 2530 φθινασμάτων
664 2450 813 2511 defendit
838 2453 1103 2514 Wunderlichius
1130 2458 1167 2513 in

120 2538 206 2597 Obs.
239 2542 321 2596 critt.
351 2540 389 2595 in
408 2533 522 2597 Aesch.
552 2557 585 2617 p.
614 2530 684 2600 179.
715 2541 774 2614 qui
805 2531 916 2614 δυσμαὶ
944 2532 1167 2615 φθινασμάτων

120 2616 236 2681 Ἡλίου
263 2624 392 2701 poetice
425 2620 547 2680 dictum
577 2622 738 2680 existimat
776 2642 835 2702 pro
865 2616 975 2699 δυσμαδ
1002 2625 1167 2700 φθίνοντος

119 2700 242 2765 Ἡλίου.
260 2738 304 2749 -
344 2704 481 2765 Siebelis
502 2705 525 2764 1.
551 2726 578 2765 c.
604 2714 754 2763 annotat:
776 2705 839 2775 „In
860 2718 969 2767 nostro
992 2719 1100 2769 autem
1119 2708 1167 2766 lo·

14 2777 16 2794 '
124 2810 166 2849 eo
185 2789 283 2869 longe
311 2791 482 2850 verborum
512 2791 645 2869 ambage
664 2808 777 2870 parum
796 2790 963 2861 dubitem,
998 2798 1081 2872 quin
1106 2789 1168 2850 Ae·
1256 2839 1259 2844 .

14 2891 15 2894 ’
123 2872 259 2949 schylns
289 2872 479 2932 adumbrare
505 2873 650 2933 voluerit
686 2894 836 2955 magnam
871 2880 1011 2955 regionis
1038 2878 1168 2958 longin-

123 2961 322 3037 quitatem.“

210 3103 242 3143 v.
261 3076 333 3143 205.
372 3083 495 3169 Parum*
516 3092 678 3142 assecutus
705 3094 755 3142 est
779 3083 967 3146 Schuetzius
994 3091 1168 3171 particula·

121 3188 202 3228 rum
222 3156 302 3224 ἀλλὰ
323 3160 380 3244 μὴν
398 3171 466 3227 vim
487 3170 696 3236 „enimvero“
726 3188 798 3226 cum
827 3180 975 3231 verteret.
1018 3175 1169 3234 Debebat

23 3325 27 3332 ι
121 3255 266 3329 „atqui“
294 3255 508 3331 interpretari.
550 3250 646 3313 Erret
668 3254 766 3309 etiam
790 3252 1024 3327 Blomfieldius,
1051 3264 1110 3335 qni
1131 3262 1168 3317 in

123 3336 237 3398 Gloss.
258 3334 297 3395 ad
317 3335 354 3395 h.
374 3336 396 3394 t
416 3328 556 3417 θηράσαι
577 3334 617 3393 de
627 3334 768 3412 σαγηνεία
788 3336 847 3395 illa
859 3340 986 3401 insulae
1003 3341 1166 3415 Euboeae,

121 3421 169 3482 de
193 3440 258 3497 qua
277 3419 460 3480 Herodotus
485 3421 539 3481 VI.
563 3416 615 3480 31.
637 3418 792 3497 loquitur,
812 3428 952 3502 exponit.
996 3426 1059 3482 Hic
1079 3431 1166 3485 enim
1270 3475 1277 3488 .

120 3499 264 3566 minime
284 3525 351 3563 mos
374 3514 442 3563 erat
465 3504 550 3585 apud
567 3504 691 3574 Persas,
715 3504 773 3563 sed
793 3507 950 3585 singulari
968 3512 1168 3570 rationeEu·

121 3591 230 3651 boeae
248 3589 372 3651 incolas
394 3592 440 3646 ita
464 3591 501 3647 in
521 3598 715 3670 potestatem
736 3609 828 3649 suam
852 3589 1055 3670 redegerunt.
1105 3593 1188 3671 dn?

123 3673 186 3751 ρᾶν
204 3672 237 3740 h.
260 3672 283 3736 l.
308 3672 394 3731 nihil
412 3672 501 3732 aliud
532 3683 582 3732 est
609 3693 707 3751 quam
735 3694 881 3753 ‚,capere‚
909 3697 1087 3757 expugnare
1115 3700 1166 3737 ur·

123 3756 239 3910 pemf‘
283 3759 453 3817 Caeterum
477 3756 563 3827 idem
586 3769 673 3818 reete
693 3761 953 3838 interrogationis
980 3766 1107 3843 signum
1129 3769 1165 3831 in

139 3858 199 3909 rna
219 3845 335 3920 posuit.
