2717 4600
599 195 650 213 ...
699 179 869 248 ...-

217 351 315 435 soph.
336 348 422 418 ran.
439 346 494 414 60.
514 371 546 434 p.
564 345 618 412 69.
659 345 803 430 Apparet
824 347 904 411 inde
923 343 956 409 le
972 347 1042 438 τιμῇ
1071 346 1158 411 nihil
1182 350 1253 413 lere

216 456 287 498 esse
307 436 397 497 aliud
416 457 519 516 quam
538 433 774 506 ‚,honorifice.“
1182 452 1186 455 ’

297 583 329 625 v.
352 557 423 622 135.
467 562 533 621 Cur
552 559 753 621 deseruerint
774 557 913 622 editores
933 556 1098 641 vulgatam
1117 553 1252 653 ἀντρέψῃ

211 667 343 723 ,causam
365 666 433 706 non
458 644 690 709 intelleximus.
934 655 945 671 ⁴
991 672 994 679 ·

296 792 328 836 v.
350 766 422 834 136.
464 767 584 830 Aldina
603 763 675 829 εἶλεν
694 769 833 843 exhibet,
863 769 905 832 de
930 790 997 849 qua
1022 769 1165 833 lectione
1190 775 1253 833 mi·

210 877 285 925 rum
305 866 355 919 est
372 854 499 927 Butleri
528 853 693 917 odicium.
729 853 915 915 Verisimile
947 857 1037 915 enim
1058 864 1117 925 est,
1144 872 1250 916 errore

210 936 391 1022 typihetico
417 958 513 1023 pros
557 957 574 998 ν
600 942 731 998 ineius
758 947 836 997 nota
861 927 930 1028 ἦρεν
947 938 1020 1019 legi.
1059 939 1167 999 Multo
1195 960 1251 998 au·

210 1035 279 1087 tem
305 1022 423 1083 melius
446 1020 546 1083 habet
574 1008 651 1103 ἦρεν,
675 1019 763 1100 quod
798 1041 810 1079 ν
841 1023 1057 1103 subscriptum
1090 1023 1250 1104 repudiat,

236 1098 402 1168 περιεῖλεν
424 1117 458 1167 et
473 1107 572 1189 longe
593 1110 707 1185 majori
728 1109 918 1166 auctoritate
939 1109 1064 1168 nititur.
1106 1109 1188 1167 Nam
1208 1100 1250 1179 εἷ-

244 1210 260 1252 ν
282 1191 389 1253 Schol.
409 1188 448 1254 A.
470 1192 588 1275 legisse
609 1193 737 1253 areius
759 1199 836 1249 nota
857 1211 925 1251 non
946 1189 1099 1255 efficitur.

233 1358 237 1365 -
295 1312 351 1379 οὐκ
378 1311 448 1377 ἄνευ
476 1316 558 1376 θεῶν
585 1308 684 1386 τιν6ς.1
714 1313 866 1377 Recurrit
894 1314 1008 1381 eadem
1031 1313 1132 1377 dictio
1162 1314 1249 1398 apud

209 1403 287 1464 Eur.
307 1400 451 1475 Bacchas
470 1395 534 1467 756
555 1411 589 1461 et
605 1400 729 1462 Phoen.
753 1395 849 1498 l608=
868 1394 938 1460 ἄνευ
956 1399 1038 1459 eres
1057 1418 1125 1466 rou.

205 1600 210 1606 ι
293 1549 326 1590 v.
348 1521 418 1599 137.
454 1519 572 1606 με’ριμν’
593 1518 753 1605 ἄφραστος
776 1542 844 1585 non
865 1534 1050 1605 corruptum
1068 1545 1248 1597 censemus,

209 1610 476 1699 quandoquidem
496 1630 627 1670 caesura
646 1609 794 1690 neglecta
824 1612 1037 1670 excusationis
1064 1610 1190 1690 aliquid
1210 1615 1248 1669 in

208 1718 288 1760 voce
306 1697 482 1775 composita
499 1694 608 1757 habet.
634 1692 837 1775 Quapropter
848 1684 1106 1756 nac'Hermanno
1128 1694 1246 1771 (Elem.

210 1780 310 1845 doctr.
335 1789 429 1847 metr.
450 1798 481 1861 p.
502 1775 554 1838 82.
583 1776 670 1859 Epit.
691 1776 775 1840 doct.
790 1786 889 1837 metr.
914 1799 946 1860 p.
968 1771 1023 1853 l16)
1050 1783 1109 1864 qui
1134 1788 1246 1839 tamen

208 1885 302 1924 suam
329 1866 431 1944 ipsius
456 1865 651 1922 sententiam
685 1861 861 1921 lectoribus
899 1860 1004 1928 adhuc
1028 1861 1159 1933 invidit,
1184 1882 1245 1923 nec

206 1949 363 2023 Porsono,
388 1966 449 2005 nec
476 1945 627 2015 Heathio,
658 1965 719 2011 nec
740 1944 892 2028 Remigio,
922 1950 983 2025 qui
1008 1948 1175 2026 ingenioso
1198 1947 1246 2006 lo·

209 2053 284 2097 cum
313 2029 496 2092 emaculare
524 2029 659 2103 studuit,
687 2028 845 2089 adsentiri
873 2050 1054 2110 possumus.
1104 2031 1244 2091 Consule
1353 2058 1354 2075 ¹

207 2116 280 2185 Rie.
299 2117 446 2180 Dewesii
465 2113 559 2175 Misc.
579 2117 648 2173 crit.
667 2132 700 2195 p.
719 2110 760 2175 16
782 2115 831 2174 ed.
857 2114 981 2176 Harles.

290 2262 323 2307 r.
343 2237 415 2305 138.
466 2232 615 2320 deripe
640 2259 700 2321 pro
726 2233 885 2323 ἀνάνδρων
916 2244 1045 2323 scripsit
1077 2239 1242 2305 Blomfiel·

201 2327 290 2389 dius.
333 2326 445 2386 Potuit
462 2327 510 2384 isa
528 2323 637 2385 dicere
657 2335 765 2406 poeta,
786 2326 843 2388 sed
864 2346 932 2388 non
952 2328 1047 2399 dixit.
1065 2347 1173 2405 neque
1193 2330 1244 2384 in·

204 2412 307 2473 ferior
329 2420 379 2472 est
398 2409 555 2468 librorum
573 2407 671 2470 lectio
691 2409 892 2472 Blomfieldii
911 2416 1105 2491 conjectura.
1134 2409 1242 2490 Quare

204 2495 288 2575 quid
305 2513 421 2554 causae
440 2495 494 2563 sit,
516 2509 572 2552 our
591 2491 749 2553 librorum
761 2498 908 2556 omnium
928 2500 1152 2560 auctoritatem
1166 2515 1243 2556 con·
1351 2509 1352 2512 ’

203 2590 333 2641 temnat
350 2579 391 2640 V.
409 2576 452 2641 D.
474 2595 542 2638 non
561 2573 661 2636 facsse
681 2577 885 2657 intelligitur.

287 2724 317 2766 v.
338 2694 410 2762 140.
455 2700 556 2760 Recte
581 2700 690 2762 locum
719 2705 946 2792 interpretatus
978 2717 1029 2767 est
1056 2703 1164 2767 schot
1182 2699 1241 2764 A.=

203 2782 282 2869 ἀμφὶ
300 2780 332 2846 δ’
355 2777 541 2863 ὀφθαλμοῖς]
570 2778 667 2862 ἤγουν
693 2779 771 2864 ἀμφὶ
796 2789 842 2868 τῷ
860 2784 963 2876 Ξέρξῃ,
991 2783 1154 2867 ὀφθαλμὸν
1179 2784 1240 2868 γὰρ

80 2879 87 2896 “
194 2873 312 2940 ,ἐκεῖνον
331 2864 422 2928 καλεῖ.
448 2868 540 2949 Quae
553 2879 664 2928 contra
685 2876 813 2930 monuit
831 2876 1109 2953 ingeniosissimus
1119 2871 1241 2932 Schue-

202 2961 272 3022 zius
293 2974 361 3013 non
389 2951 475 3012 male
504 2950 661 3015 refutavit
685 2953 920 3018 Blomfieldlus.
963 2957 1071 3017 Multa
1098 2968 1177 3018 sunt
1201 2959 1239 3014 in

200 3044 306 3127 poetis
328 3040 458 3119 graecis,
479 3036 599 3117 quibus
620 3040 705 3122 quis,
721 3043 750 3118 si
763 3060 800 3098 er
813 3051 921 3100 nostra
935 3040 1098 3101 sentiendi
1111 3045 1238 3101 ratione

199 3147 269 3188 ram
300 3123 446 3182 aestimet
468 3118 726 3203 perpendatque,
754 3128 993 3205 grammaticam
1021 3125 1237 3185 subtilitatem
1348 3127 1349 3137 ³

197 3212 303 3292 possit
315 3204 504 3288 exprobrari.
547 3201 589 3263 At
609 3206 789 3267 cavendum
804 3213 903 3268 estin
923 3209 1043 3270 talibus
1065 3230 1108 3269 na
1122 3229 1237 3270 sensus

201 3305 311 3355 noster
333 3311 391 3350 nos
410 3286 558 3371 decipiat.
601 3288 676 3373 lpse
702 3291 889 3356 Schuetzius
917 3296 955 3359 in
974 3293 1025 3362 ed.
1047 3317 1091 3357 m.
1118 3294 1160 3354 ad
1181 3313 1237 3356 ve·
1347 3355 1348 3358 ,

79 3431 81 3436 ,
193 3400 269 3455 ‚ram
288 3374 386 3436 rediit
403 3374 713 3455 interpretationem,
790 3418 792 3422 .

281 3524 315 3567 v.
339 3493 409 3565 142.
451 3493 530 3577 πρὸς
548 3491 635 3573 τάδ’,
655 3494 696 3570 ὡς
716 3519 743 3560 s.
761 3502 835 3568 ct.
854 3506 902 3565 sic
921 3515 1010 3570 recte
1031 3510 1100 3587 jam
1120 3504 1237 3564 distin·

90 3551 95 3560 ’
197 3591 244 3648 nt
264 3582 495 3648 armannus.
551 3635 554 3648 .

282 3732 314 3777 v.
338 3704 408 3774 143.
451 3708 499 3768 Er
529 3707 621 3769 Med.
649 3719 683 3770 et
708 3711 748 3776 G.
775 3707 896 3789 γθεσθε
928 3733 1001 3779 cum
1026 3714 1234 3775 Blomfleldlo
1344 3681 1346 3684 ι

102 3860 106 3866 ,
135 3809 142 3823 '
199 3799 388 3877 recepimus.
413 3792 500 3856 Med.
528 3793 654 3853 scilicet
681 3800 827 3858 omnium
854 3797 945 3864 codd.
974 3809 1023 3859 est
1048 3819 1123 3864 cum
1151 3803 1237 3858 anti·
1345 3787 1346 3832 ἶ

200 3884 375 3962 quissimus
393 3887 464 3937 tum
484 3880 787 3968 praestantissimus.
830 3882 920 3945 Illud
938 3904 1016 3946 vero
1041 3887 1116 3946 sine
1137 3903 1237 3945 causa
