2717 4600
513 148 860 245 -1ee-,

124 353 177 405 ne
204 325 399 416 ἃσρότεοσν
421 327 630 415 ἀπεκρύπτετο
648 333 690 416 μὴ
711 329 792 398 καθ’
819 329 930 415 ἡδονὴν
946 341 1058 414 ποιεῖν,
1083 332 1167 420 ἀγχί-
1245 396 1247 401 .

134 437 272 500 στροφσν
293 413 347 494 τὴν
366 413 532 499 μεταβολὴν
553 416 677 499 ὁρῶντες
704 422 765 481 τοῖν
785 414 831 479 τ’,
846 414 1026 500 εὐδαιμόνων
1045 420 1097 483 ναὶ
1117 418 1168 482 αἶὲ

116 498 255 578 „eradico
270 496 474 578 θνησκόντων,
488 501 543 564 καὶ
560 506 622 566 τῶν
645 500 733 565 οὐδὲν
749 497 895 585 πρότερον
913 503 1102 584 νενημένων,
1119 502 1168 565 ai-

131 581 191 655 θὺς
215 579 254 644 «δὲ
277 581 420 645 τάκείνων
449 583 583 665 ἐχόντων.
625 591 740 650 Talem
768 593 1016 670 appositionem,
1039 595 1069 649 si
1093 594 1166 669 quis

130 673 407 733 nominativorum
429 672 648 733 absolutorum
669 678 800 734 nomine
812 677 1025 754 insigniverit,
1035 694 1077 734 re*
1089 695 1167 734 vera

129 753 264 830 quidem
286 775 305 812 a
324 775 423 815 sensu
441 755 508 816 loci
529 778 597 819 non
617 759 787 833 aberrabit,
805 757 860 819 sed
878 777 992 838 parum
1013 767 1087 838 apto
1110 777 1169 817 no·

130 840 222 897 mine
250 848 367 914 utetur,
395 859 503 917 neque
522 841 599 901 ‘tam
626 854 783 916 accurate,
809 851 848 900 ut
873 841 966 902 decet
986 845 1168 922 grammati·

131 942 216 990 cam,
236 922 398 999 loquetur.
442 922 586 985 Omnino
607 930 697 985 enim
717 947 809 987 casus
832 925 983 1000 absoluti,
1012 929 1070 1003 qui
1090 944 1167 987 vere

130 1004 272 1064 absoluti
292 1010 369 1081 sint,
391 1011 415 1074 i.
436 1028 465 1069 e.
489 1030 562 1067 cum
582 1009 710 1087 reliqua
735 1007 861 1088 periodi
888 1019 1048 1069 structura
1075 1008 1167 1066 nulla

125 1093 256 1152 vratione
282 1089 487 1161 cohaereant,
517 1091 609 1150 nulla
641 1096 679 1151 tn
702 1093 815 1171 lingua
841 1102 926 1165 sunt,
959 1113 1068 1170 neque
1096 1112 1167 1151 esse

128 1183 296 1313 fossant„
325 1170 371 1233 Ac
409 1174 450 1235 de
477 1179 639 1255 genitivis,
674 1176 791 1237 dativis
825 1185 859 1236 et
885 1178 1074 1235 accusativis
1101 1175 1165 1234 elio

144 1277 203 1316 oco
223 1256 376 1318 dicemus.
421 1262 516 1320 Nunc
538 1280 612 1318 cum
634 1264 843 1323 nominativis
869 1280 920 1319 res
947 1263 1017 1318 erit.
1064 1258 1167 1338 Quot·

131 1350 213 1417 quot
230 1344 343 1418 itaquo
363 1346 440 1402 sunt
457 1343 533 1417 lect,
551 1347 589 1403 in
608 1341 727 1422 quibus
756 1345 974 1404 nominativos
1001 1342 1165 1401 absolutos

131 1424 195 1482 sibi
215 1429 372 1504 reperisse
392 1421 550 1489 visisunt
570 1431 780 1511 grammatici,
809 1432 846 1486 in
872 1431 913 1485 iis
938 1426 994 1486 vel
1016 1425 1166 1484 anacolu-

130 1507 214 1566 thon
235 1510 330 1581 inest,
356 1512 412 1572 vel
438 1514 638 1593 appositione
661 1533 713 1572 res
740 1509 937 1593 explicanda.
984 1506 1167 1589 Appositio·

133 1594 184 1649 nie
205 1593 349 1672 exempla
367 1597 430 1653 tria
447 1598 511 1674 jam
538 1596 716 1657 attulimus.
759 1596 801 1653 ln
824 1599 866 1654 iis
891 1596 1086 1654 nominativi
1111 1592 1166 1649 ab·

131 1675 233 1734 soluti
252 1686 421 1756 propterea
439 1688 561 1739 exstare
583 1689 763 1760 nequeunt,
787 1677 877 1759 quod
897 1681 933 1734 In
955 1676 1069 1736 codam
1088 1696 1164 1737 casu
1216 1676 1222 1696 ⁸

130 1762 339 1821 continuatur
366 1766 478 1822 oratio.
531 1762 690 1844 Quartum
718 1765 928 1844 appositionis
956 1758 1167 1819 memorabile

128 1836 310 1924 exemplum
329 1856 379 1906 est
398 1850 436 1906 in
457 1847 631 1922 Herodoto,
654 1848 713 1911 lib.
735 1846 825 1915 VIII,
844 1843 899 1904 832
927 1839 979 1902 ναὶ
996 1843 1035 1902 ὀἳ
1051 1835 1165 1900 σύλλο-

125 1944 184 1998 νον
202 1921 398 2007 ποιησάμενοι
422 1923 606 2010 προηγόρευε
617 1962 660 1975 -
672 1924 893 2007 Θεμιστοκλέης.
925 1928 1034 1986 Habet
1054 1937 1165 1985 tamen

125 2006 161 2070 h.
184 2009 207 2069 l.
228 2013 328 2070 simul
351 2014 600 2088 anacoluthiam,
622 2035 684 2073 nec
705 2013 804 2072 facile
825 2017 894 2071 eius
917 2011 1058 2070 similem
1075 2030 1166 2090 repe·

123 2096 203 2155 rias.
246 2093 291 2152 Et
311 2090 537 2157 'anacoluthon
563 2098 691 2157 obtinet
716 2101 752 2155 in
778 2096 859 2157 locis
886 2095 993 2173 qualis
1020 2092 1075 2152 hic
1101 2103 1165 2153 est:

6 2184 15 2196 '
122 2175 206 2236 Eur.
228 2174 352 2240 Phoen.
374 2176 452 2240 29οι

267 2278 395 2364 *uellet
420 2279 454 2347 δὲ
472 2282 594 2372 πέμπειν
612 2278 739 2347 Οἰδίπου
758 2272 869 2355 κλεινὸς
886 2265 976 2357 viror

276 2373 401 2447 μαντεῖα
416 2367 508 2448 σεμνὰ
527 2366 647 2443 Λοξίου
667 2362 700 2431 τ’
719 2365 774 2429 ἐπ’
795 2363 934 2449 ἐσχάρας,

277 2448 310 2514 ἐν
325 2449 401 2532 τῷδ’
428 2448 666 2538 ἒποστράσευσαν
690 2449 816 2536 {iareim
835 2447 933 2514 πόλιν.

110 2566 326 2631 ΥΜοῒῐὴίοοιιο
348 2570 404 2631 Gr.
434 2587 488 2652 git.
504 2593 537 2654 p.
557 2569 623 2632 819
648 2570 681 2632 h.
703 2572 726 2631 l.
756 2565 1165 2631 nominativoeabeolutos

122 2658 281 2736 agnoscit.
324 2654 388 2714 Sed
408 2660 509 2718 oratio
528 2660 576 2715 ita
595 2666 712 2736 coepta
732 2665 791 2732 eet,
818 2665 856 2713 ut
880 2660 1032 2758 afnareat
1056 2660 1165 2738 aucto·

109 2757 197 2799 mem
225 2742 262 2797 in
281 2751 392 2800 mente
413 2739 568 2800 habuisse
587 2732 820 2821 ὅσοστρσιτεύετο
846 2731 888 2796 ὑπ
934 2732 1086 2816 Αρνείων,
1109 2751 1165 2793 ve·

119 2842 201 2883 rum
219 2826 399 2902 interjectis
415 2824 887 2902 nonnullisconstmctienem,
906 2841 971 2899 que
988 2823 1164 2897 inceperat,

120 2906 275 2981 reliquit,
292 2907 455 2985 aliamque
475 2901 699 2976 &renotatam
717 2906 840 2965 intulit.
882 2906 998 2983 Neque
1023 2910 1165 2983 praeter·

120 2988 326 3051 mittendum
357 3001 420 3064 est,
456 2990 694 3051 anacoluthiam
730 2989 817 3047 nihil
843 2992 1015 3048 commune
1042 2985 1164 3043 habere
1221 3060 1224 3067 Ι

122 3094 205 3134 cum
233 3074 361 3134 casibus
387 3074 551 3136 absolutis.
572 3105 616 3119 —
659 3073 733 3153 Quo
756 3083 851 3158 paeto
878 3090 951 3131 cum
978 3068 1051 3128 Ald.
1077 3066 1162 3127 Rae.

104 3153 232 3242 ''Turm
254 3166 329 3236 post
354 3151 508 3226 Σουσίδος
531 3157 629 3239 plene
648 3160 917 3240 interpunximus,
943 3164 1023 3237 post.
1044 3147 1164 3213 ἔσσεται

122 3250 240 3302 autem
261 3261 387 3301 comma
407 3244 614 3302 inseruimus.

212 3349 317 3428 Fuere
344 3352 403 3426 qui
431 3346 568 3407 formam
597 3345 744 3407 Ionieam
759 3343 896 3412 ,ἔσσεται
929 3366 997 3407 non
1028 3344 1162 3413 ferrent,

20 3497 25 3510 ,
119 3438 216 3494 inter
243 3453 326 3511 quoe
344 3432 504 3491 Barneius
526 3431 691 3509 (Tantam.
720 3430 760 3493 de
786 3442 879 3492 metr.
905 3427 1019 3490 Aesch.
1042 3447 1075 3508 p.
1098 3420 1163 3502 14),

119 3522 189 3600 qui
207 3510 312 3600 ᾄσεται
329 3519 478 3596 conjecit,
498 3515 587 3594 quod
604 3515 683 3575 adeo
703 3521 825 3600 recepit
843 3512 1077 3598 Blomfleldius.
1101 3509 1162 3569 His

104 3602 244 3668 ‚saltem
270 3605 307 3659 in
333 3610 478 3662 meatem
511 3603 624 3660 venire
659 3600 798 3672 debebat
829 3596 958 3674 ἔσσομαι
984 3617 1035 3677 ap.
1063 3594 1161 3676 δορὴ.

119 3685 233 3750 Elect.
268 3681 340 3743 818.
367 3681 533 3765 Aristoph.
563 3682 638 3745 Pac.
669 3683 739 3752 187.
779 3680 845 3742 ibae
873 3686 972 3743 etiam
998 3700 1163 3741 occurrere
1256 3741 1258 3746 ,

122 3788 182 3847 ap.
207 3759 401 3845 Aeschylum
423 3772 460 3833 in
479 3765 565 3827 Pers.
586 3789 618 3828 v.
630 3755 704 3829 611.Ι
723 3778 756 3828 et
773 3760 853 3846 λῆμα
873 3764 953 3825 ibid.
975 3785 1007 3826 v.
1031 3760 1082 3827 56.
1101 3783 1163 3824 nec

20 3861 22 3866 ’
122 3870 202 3916 nou
221 3849 369 3934 Sophocl.
391 3848 519 3936 11121.
549 3845 617 3934 1μέν
644 3854 769 3918 dixisse.
808 3851 923 3942 Hares
947 3849 1036 3942 loeas
1064 3849 1164 3912 colle·
