<?xml version="1.0" encoding="UTF-8"?>
<!DOCTYPE html PUBLIC "-//W3C//DTD XHTML 1.0 Transitional//EN"
    "http://www.w3.org/TR/xhtml1/DTD/xhtml1-transitional.dtd">
<html xmlns="http://www.w3.org/1999/xhtml" xml:lang="en" lang="en">
 <head>
  <title>
</title>
<meta http-equiv="Content-Type" content="text/html;charset=utf-8" />
  <meta name='ocr-system' content='tesseract 3.04.00' />
  <meta name='ocr-capabilities' content='ocr_page ocr_carea ocr_par ocr_line ocrx_word'/>
</head>
<body>
  <div class='ocr_page' id='page_1' title='image "./persaeadfidemli00pinzgoog_0204.png"; bbox 0 0 2717 4600; ppageno 0'>
   <div class='ocr_carea' id='block_1_1' title="bbox 495 122 863 265">
    <p class='ocr_par' dir='ltr' id='par_1_1' title="bbox 495 122 863 265">
     <span class='ocr_line' id='line_1_1' title="bbox 495 122 863 265; baseline -0.005 -38"><span class='ocrx_word' id='word_1_1' title='bbox 495 246 501 265; x_wconf 36' lang='lat' dir='ltr'><em>s</em></span> <span class='ocrx_word' id='word_1_2' title='bbox 591 122 863 260; x_wconf 73' lang='grc'><strong>’..,,,,..</strong></span> 
     </span>
    </p>
   </div>
   <div class='ocr_carea' id='block_1_2' title="bbox 214 354 1257 693">
    <p class='ocr_par' dir='ltr' id='par_1_2' title="bbox 214 354 1257 693">
     <span class='ocr_line' id='line_1_2' title="bbox 214 354 1255 446; baseline -0.005 -21"><span class='ocrx_word' id='word_1_3' title='bbox 214 368 273 425; x_wconf 83' lang='lat' dir='ltr'><strong>nit.</strong></span> <span class='ocrx_word' id='word_1_4' title='bbox 314 365 372 439; x_wconf 75' lang='lat' dir='ltr'><strong>„Si</strong></span> <span class='ocrx_word' id='word_1_5' title='bbox 390 366 492 430; x_wconf 76' lang='lat' dir='ltr'><strong>locrio</strong></span> <span class='ocrx_word' id='word_1_6' title='bbox 509 366 641 446; x_wconf 79' lang='lat' dir='ltr'><strong>vulgato</strong></span> <span class='ocrx_word' id='word_1_7' title='bbox 659 360 831 426; x_wconf 83' lang='lat' dir='ltr'><strong>retinenda</strong></span> <span class='ocrx_word' id='word_1_8' title='bbox 847 365 901 433; x_wconf 84' lang='lat' dir='ltr'><strong>sit,</strong></span> <span class='ocrx_word' id='word_1_9' title='bbox 920 354 1155 443; x_wconf 63' lang='lat' dir='ltr'><strong>post&#39;aipudaro</strong></span> <span class='ocrx_word' id='word_1_10' title='bbox 1176 360 1255 421; x_wconf 86' lang='lat' dir='ltr'><strong>sub·</strong></span> 
     </span>
     <span class='ocr_line' id='line_1_3' title="bbox 214 441 1257 693; baseline -0.005 -184"><span class='ocrx_word' id='word_1_11' title='bbox 214 449 326 510; x_wconf 85' lang='lat' dir='ltr'><strong>audias</strong></span> <span class='ocrx_word' id='word_1_12' title='bbox 361 446 518 531; x_wconf 64' lang='grc' dir='ltr'><strong><em>οίμωμηνί*</em></strong></span> <span class='ocrx_word' id='word_1_13' title='bbox 557 451 707 509; x_wconf 80' lang='lat' dir='ltr'><strong>Minime.</strong></span> <span class='ocrx_word' id='word_1_14' title='bbox 736 443 860 517; x_wconf 80' lang='grc' dir='ltr'><strong><em>Νυκτὸς</em></strong></span> <span class='ocrx_word' id='word_1_15' title='bbox 881 441 955 524; x_wconf 80' lang='grc' dir='ltr'><strong><em>ὄμμ’</em></strong></span> <span class='ocrx_word' id='word_1_16' title='bbox 979 446 1058 508; x_wconf 87' lang='lat' dir='ltr'><strong>h.l.</strong></span> <span class='ocrx_word' id='word_1_17' title='bbox 1089 448 1257 693; x_wconf 56' lang='lat' dir='ltr'><strong>eljjqpter</strong></span> 
     </span>
    </p>
   </div>
   <div class='ocr_carea' id='block_1_3' title="bbox 213 523 1262 1203">
    <p class='ocr_par' dir='ltr' id='par_1_3' title="bbox 213 523 1262 1203">
     <span class='ocr_line' id='line_1_4' title="bbox 213 523 1258 617; baseline -0.005 -24"><span class='ocrx_word' id='word_1_18' title='bbox 213 553 272 615; x_wconf 85' lang='lat' dir='ltr'><strong>pro</strong></span> <span class='ocrx_word' id='word_1_19' title='bbox 291 530 342 605; x_wconf 79' lang='grc' dir='ltr'><strong>νὺξ</strong></span> <span class='ocrx_word' id='word_1_20' title='bbox 369 535 496 597; x_wconf 85' lang='lat' dir='ltr'><strong>dicitur.</strong></span> <span class='ocrx_word' id='word_1_21' title='bbox 539 534 592 593; x_wconf 83' lang='lat' dir='ltr'><strong>Sic</strong></span> <span class='ocrx_word' id='word_1_22' title='bbox 613 533 723 617; x_wconf 68' lang='lat' dir='ltr'><strong>§ohel</strong></span> <span class='ocrx_word' id='word_1_23' title='bbox 744 530 786 594; x_wconf 84' lang='lat' dir='ltr'><strong>A.</strong></span> <span class='ocrx_word' id='word_1_24' title='bbox 814 530 871 602; x_wconf 69' lang='grc' dir='ltr'><strong>ἕως</strong></span> <span class='ocrx_word' id='word_1_25' title='bbox 890 524 1024 607; x_wconf 72' lang='grc' dir='ltr'><strong>κελαινῆς</strong></span> <span class='ocrx_word' id='word_1_26' title='bbox 1045 523 1151 600; x_wconf 76' lang='grc' dir='ltr'><strong><em>νυκτός</em></strong></span> <span class='ocrx_word' id='word_1_27' title='bbox 1193 524 1258 588; x_wconf 81' lang='grc' dir='ltr'><strong><em>λεί-</em></strong></span> 
     </span>
     <span class='ocr_line' id='line_1_5' title="bbox 213 610 1257 698; baseline -0.003 -22"><span class='ocrx_word' id='word_1_28' title='bbox 213 620 262 676; x_wconf 73' lang='grc' dir='ltr'><strong>πεν</strong></span> <span class='ocrx_word' id='word_1_29' title='bbox 280 613 318 676; x_wconf 84' lang='grc' dir='ltr'><strong>τὸ</strong></span> <span class='ocrx_word' id='word_1_30' title='bbox 338 616 392 698; x_wconf 75' lang='grc' dir='ltr'><strong>τὴν</strong></span> <span class='ocrx_word' id='word_1_31' title='bbox 412 614 517 698; x_wconf 84' lang='grc' dir='ltr'><strong><em>μάχην,</em></strong></span> <span class='ocrx_word' id='word_1_32' title='bbox 543 612 586 678; x_wconf 84' lang='grc' dir='ltr'><strong>ἵν’</strong></span> <span class='ocrx_word' id='word_1_33' title='bbox 607 617 627 695; x_wconf 85' lang='grc' dir='ltr'><em>ἠ</em></span> <span class='ocrx_word' id='word_1_34' title='bbox 648 614 760 686; x_wconf 73' lang='grc' dir='ltr'><strong><em>οὕτως·</em></strong></span> <span class='ocrx_word' id='word_1_35' title='bbox 784 614 841 685; x_wconf 76' lang='grc' dir='ltr'><strong>ἕως</strong></span> <span class='ocrx_word' id='word_1_36' title='bbox 864 611 902 675; x_wconf 83' lang='grc' dir='ltr'><strong>τὸ</strong></span> <span class='ocrx_word' id='word_1_37' title='bbox 928 610 1010 694; x_wconf 93' lang='grc' dir='ltr'><strong><em>ὄμμα</em></strong></span> <span class='ocrx_word' id='word_1_38' title='bbox 1035 615 1091 692; x_wconf 77' lang='grc' dir='ltr'><strong>τῆς</strong></span> <span class='ocrx_word' id='word_1_39' title='bbox 1192 613 1257 689; x_wconf 84' lang='grc' dir='ltr'><strong><em>ίνης</em></strong></span> 
     </span>
     <span class='ocr_line' id='line_1_6' title="bbox 214 693 1259 782; baseline -0.003 -22"><span class='ocrx_word' id='word_1_40' title='bbox 214 696 269 760; x_wconf 70' lang='grc' dir='ltr'><strong>καί</strong></span> <span class='ocrx_word' id='word_1_41' title='bbox 292 704 439 782; x_wconf 78' lang='grc' dir='ltr'><strong><em>σνοτονῆς</em></strong></span> <span class='ocrx_word' id='word_1_42' title='bbox 456 695 570 776; x_wconf 78' lang='grc' dir='ltr'><strong><em>νυκτός,</em></strong></span> <span class='ocrx_word' id='word_1_43' title='bbox 589 698 659 775; x_wconf 73' lang='grc' dir='ltr'><strong><em>ἤτοι</em></strong></span> <span class='ocrx_word' id='word_1_44' title='bbox 683 695 763 779; x_wconf 68' lang='grc' dir='ltr'><strong>αὐτὴ</strong></span> <span class='ocrx_word' id='word_1_45' title='bbox 789 694 809 777; x_wconf 81' lang='grc' dir='ltr'><strong><em>ἡ</em></strong></span> <span class='ocrx_word' id='word_1_46' title='bbox 829 695 881 772; x_wconf 80' lang='grc' dir='ltr'><strong>νὺξ</strong></span> <span class='ocrx_word' id='word_1_47' title='bbox 904 693 1099 776; x_wconf 71' lang='grc' dir='ltr'><strong><em>ἐπιγενομένη,</em></strong></span> <span class='ocrx_word' id='word_1_48' title='bbox 1125 695 1259 758; x_wconf 71' lang='grc' dir='ltr'><strong><em>ἔπαυσεν</em></strong></span> 
     </span>
     <span class='ocr_line' id='line_1_7' title="bbox 215 779 1260 866; baseline -0.001 -22"><span class='ocrx_word' id='word_1_49' title='bbox 215 779 327 856; x_wconf 79' lang='grc' dir='ltr'><strong><em>αὐτοὺς</em></strong></span> <span class='ocrx_word' id='word_1_50' title='bbox 349 789 403 865; x_wconf 85' lang='grc' dir='ltr'><strong>τῆς</strong></span> <span class='ocrx_word' id='word_1_51' title='bbox 427 780 531 866; x_wconf 80' lang='grc' dir='ltr'><strong><em>μάχης.</em></strong></span> <span class='ocrx_word' id='word_1_52' title='bbox 557 785 608 849; x_wconf 66' lang='lat' dir='ltr'><strong>Ct</strong></span> <span class='ocrx_word' id='word_1_53' title='bbox 630 784 733 850; x_wconf 81' lang='lat' dir='ltr'><strong>Stanl.</strong></span> <span class='ocrx_word' id='word_1_54' title='bbox 762 783 804 844; x_wconf 90' lang='lat' dir='ltr'><strong>ad</strong></span> <span class='ocrx_word' id='word_1_55' title='bbox 821 783 855 845; x_wconf 59' lang='lat' dir='ltr'><strong>ht</strong></span> <span class='ocrx_word' id='word_1_56' title='bbox 880 784 904 844; x_wconf 85' lang='lat' dir='ltr'>L</span> <span class='ocrx_word' id='word_1_57' title='bbox 949 782 1121 863; x_wconf 84' lang='lat' dir='ltr'><strong>Quomodo</strong></span> <span class='ocrx_word' id='word_1_58' title='bbox 1145 793 1260 844; x_wconf 85' lang='lat' dir='ltr'><strong>autem</strong></span> 
     </span>
     <span class='ocr_line' id='line_1_8' title="bbox 214 862 1261 953; baseline -0.002 -24"><span class='ocrx_word' id='word_1_59' title='bbox 214 868 253 930; x_wconf 90' lang='lat' dir='ltr'><strong>id</strong></span> <span class='ocrx_word' id='word_1_60' title='bbox 268 869 344 930; x_wconf 88' lang='lat' dir='ltr'><strong>fieri</strong></span> <span class='ocrx_word' id='word_1_61' title='bbox 363 876 478 953; x_wconf 79' lang='lat' dir='ltr'><strong>possit,</strong></span> <span class='ocrx_word' id='word_1_62' title='bbox 496 871 710 953; x_wconf 74' lang='lat' dir='ltr'><strong>explicatione</strong></span> <span class='ocrx_word' id='word_1_63' title='bbox 728 889 822 951; x_wconf 84' lang='lat' dir='ltr'><strong>egere</strong></span> <span class='ocrx_word' id='word_1_64' title='bbox 842 868 983 930; x_wconf 75' lang='lat' dir='ltr'><strong>videtur.</strong></span> <span class='ocrx_word' id='word_1_65' title='bbox 1023 866 1157 928; x_wconf 74' lang='lat' dir='ltr'><strong>Scilicet</strong></span> <span class='ocrx_word' id='word_1_66' title='bbox 1174 862 1261 944; x_wconf 85' lang='grc' dir='ltr'><strong><em>ὄμμα</em></strong></span> 
     </span>
     <span class='ocr_line' id='line_1_9' title="bbox 214 952 1262 1036; baseline -0.002 -24"><span class='ocrx_word' id='word_1_67' title='bbox 214 971 274 1035; x_wconf 85' lang='lat' dir='ltr'><strong>prp</strong></span> <span class='ocrx_word' id='word_1_68' title='bbox 298 954 374 1017; x_wconf 85' lang='lat' dir='ltr'><strong>luco</strong></span> <span class='ocrx_word' id='word_1_69' title='bbox 397 959 478 1036; x_wconf 88' lang='lat' dir='ltr'><strong>poni</strong></span> <span class='ocrx_word' id='word_1_70' title='bbox 506 960 593 1014; x_wconf 87' lang='lat' dir='ltr'><strong>inter</strong></span> <span class='ocrx_word' id='word_1_71' title='bbox 619 973 735 1015; x_wconf 87' lang='lat' dir='ltr'><strong>omues</strong></span> <span class='ocrx_word' id='word_1_72' title='bbox 763 962 899 1014; x_wconf 87' lang='lat' dir='ltr'><strong>constat.</strong></span> <span class='ocrx_word' id='word_1_73' title='bbox 940 952 1052 1011; x_wconf 82' lang='lat' dir='ltr'><strong>Noctis</strong></span> <span class='ocrx_word' id='word_1_74' title='bbox 1078 952 1135 1011; x_wconf 82' lang='lat' dir='ltr'><strong>lux</strong></span> <span class='ocrx_word' id='word_1_75' title='bbox 1157 955 1262 1032; x_wconf 78' lang='lat' dir='ltr'><strong>igitur</strong></span> 
     </span>
     <span class='ocr_line' id='line_1_10' title="bbox 217 1034 1260 1118; baseline -0.002 -22"><span class='ocrx_word' id='word_1_76' title='bbox 217 1049 267 1097; x_wconf 90' lang='lat' dir='ltr'><strong>est</strong></span> <span class='ocrx_word' id='word_1_77' title='bbox 291 1059 330 1098; x_wconf 79' lang='lat' dir='ltr'><strong>es</strong></span> <span class='ocrx_word' id='word_1_78' title='bbox 356 1039 422 1109; x_wconf 82' lang='lat' dir='ltr'><strong>lux,</strong></span> <span class='ocrx_word' id='word_1_79' title='bbox 450 1058 553 1118; x_wconf 81' lang='lat' dir='ltr'><strong>quam</strong></span> <span class='ocrx_word' id='word_1_80' title='bbox 576 1059 639 1099; x_wconf 81' lang='lat' dir='ltr'><strong>nox</strong></span> <span class='ocrx_word' id='word_1_81' title='bbox 664 1036 773 1108; x_wconf 86' lang='lat' dir='ltr'><strong>habet,</strong></span> <span class='ocrx_word' id='word_1_82' title='bbox 801 1041 823 1099; x_wconf 88' lang='lat' dir='ltr'><strong>i.</strong></span> <span class='ocrx_word' id='word_1_83' title='bbox 849 1059 878 1099; x_wconf 84' lang='grc' dir='ltr'><strong>ο.</strong></span> <span class='ocrx_word' id='word_1_84' title='bbox 911 1034 1012 1109; x_wconf 82' lang='lat' dir='ltr'><strong>nulla,</strong></span> <span class='ocrx_word' id='word_1_85' title='bbox 1038 1035 1127 1095; x_wconf 88' lang='lat' dir='ltr'><strong>unde</strong></span> <span class='ocrx_word' id='word_1_86' title='bbox 1153 1035 1194 1100; x_wconf 86' lang='lat' dir='ltr'><strong>fit</strong></span> <span class='ocrx_word' id='word_1_87' title='bbox 1219 1045 1260 1095; x_wconf 84' lang='lat' dir='ltr'><strong>ut</strong></span> 
     </span>
     <span class='ocr_line' id='line_1_11' title="bbox 215 1116 1261 1203; baseline -0.008 -16"><span class='ocrx_word' id='word_1_88' title='bbox 215 1117 320 1195; x_wconf 67' lang='grc' dir='ltr'><strong><em>νυκτὸς</em></strong></span> <span class='ocrx_word' id='word_1_89' title='bbox 340 1119 422 1202; x_wconf 87' lang='grc' dir='ltr'><strong><em>ὄμμα</em></strong></span> <span class='ocrx_word' id='word_1_90' title='bbox 442 1122 567 1197; x_wconf 68' lang='lat' dir='ltr'><strong>dicatum</strong></span> <span class='ocrx_word' id='word_1_91' title='bbox 586 1116 657 1191; x_wconf 68' lang='grc' dir='ltr'><strong>κατ’</strong></span> <span class='ocrx_word' id='word_1_92' title='bbox 685 1116 862 1203; x_wconf 75' lang='grc' dir='ltr'><strong><em>ἀντίφρασιν</em></strong></span> <span class='ocrx_word' id='word_1_93' title='bbox 888 1141 947 1202; x_wconf 89' lang='lat' dir='ltr'><strong>pro</strong></span> <span class='ocrx_word' id='word_1_94' title='bbox 973 1119 1127 1181; x_wconf 82' lang='lat' dir='ltr'><strong>tenebris.</strong></span> <span class='ocrx_word' id='word_1_95' title='bbox 1171 1121 1261 1179; x_wconf 86' lang='lat' dir='ltr'><strong>Nam</strong></span> 
     </span>
    </p>
   </div>
   <div class='ocr_carea' id='block_1_4' title="bbox 79 1202 1260 1287">
    <p class='ocr_par' dir='ltr' id='par_1_4' title="bbox 79 1202 1260 1287">
     <span class='ocr_line' id='line_1_12' title="bbox 79 1202 1260 1287; baseline -0.003 -21"><span class='ocrx_word' id='word_1_96' title='bbox 79 1226 89 1253; x_wconf 80' lang='lat'>¹</span> <span class='ocrx_word' id='word_1_97' title='bbox 217 1202 257 1274; x_wconf 87' lang='lat' dir='ltr'><strong>de</strong></span> <span class='ocrx_word' id='word_1_98' title='bbox 275 1205 356 1276; x_wconf 81' lang='lat' dir='ltr'><strong>luna</strong></span> <span class='ocrx_word' id='word_1_99' title='bbox 375 1205 439 1275; x_wconf 86' lang='lat' dir='ltr'><strong>hoc</strong></span> <span class='ocrx_word' id='word_1_100' title='bbox 460 1207 594 1287; x_wconf 89' lang='lat' dir='ltr'><strong>quidem</strong></span> <span class='ocrx_word' id='word_1_101' title='bbox 612 1207 686 1267; x_wconf 90' lang='lat' dir='ltr'><strong>loco</strong></span> <span class='ocrx_word' id='word_1_102' title='bbox 712 1209 850 1285; x_wconf 78' lang='lat' dir='ltr'><strong>cogitari</strong></span> <span class='ocrx_word' id='word_1_103' title='bbox 875 1225 944 1266; x_wconf 87' lang='lat' dir='ltr'><strong>nou</strong></span> <span class='ocrx_word' id='word_1_104' title='bbox 965 1222 1062 1284; x_wconf 81' lang='lat' dir='ltr'><strong>posse</strong></span> <span class='ocrx_word' id='word_1_105' title='bbox 1089 1214 1260 1271; x_wconf 79' lang='lat' dir='ltr'><strong>contextus</strong></span> 
     </span>
    </p>
   </div>
   <div class='ocr_carea' id='block_1_5' title="bbox 217 1284 1333 1624">
    <p class='ocr_par' dir='ltr' id='par_1_5' title="bbox 217 1284 1333 1624">
     <span class='ocr_line' id='line_1_13' title="bbox 217 1284 1260 1372; baseline 0 -23"><span class='ocrx_word' id='word_1_106' title='bbox 217 1287 320 1365; x_wconf 73' lang='lat' dir='ltr'><strong>docet.</strong></span> <span class='ocrx_word' id='word_1_107' title='bbox 360 1291 416 1352; x_wconf 86' lang='lat' dir='ltr'><strong>Ita</strong></span> <span class='ocrx_word' id='word_1_108' title='bbox 434 1311 568 1372; x_wconf 78' lang='lat' dir='ltr'><strong>quoqpe</strong></span> <span class='ocrx_word' id='word_1_109' title='bbox 589 1284 695 1363; x_wconf 65' lang='grc' dir='ltr'><strong><em>νυκῑὸς</em></strong></span> <span class='ocrx_word' id='word_1_110' title='bbox 720 1285 801 1368; x_wconf 91' lang='grc' dir='ltr'><strong><em>ὄμμα</em></strong></span> <span class='ocrx_word' id='word_1_111' title='bbox 830 1289 917 1371; x_wconf 78' lang='lat' dir='ltr'><strong>apud</strong></span> <span class='ocrx_word' id='word_1_112' title='bbox 934 1288 1046 1369; x_wconf 87' lang='lat' dir='ltr'><strong>Eurip.</strong></span> <span class='ocrx_word' id='word_1_113' title='bbox 1069 1286 1140 1368; x_wconf 81' lang='lat' dir='ltr'><strong>Iph.</strong></span> <span class='ocrx_word' id='word_1_114' title='bbox 1159 1288 1260 1349; x_wconf 87' lang='lat' dir='ltr'><strong>Taur.</strong></span> 
     </span>
     <span class='ocr_line' id='line_1_14' title="bbox 219 1366 1260 1450; baseline -0.005 -15"><span class='ocrx_word' id='word_1_115' title='bbox 219 1366 289 1435; x_wconf 91' lang='grc'><strong>110.</strong></span> <span class='ocrx_word' id='word_1_116' title='bbox 315 1378 463 1450; x_wconf 76' lang='lat' dir='ltr'><strong>occurrit,</strong></span> <span class='ocrx_word' id='word_1_117' title='bbox 485 1376 545 1435; x_wconf 87' lang='lat' dir='ltr'><strong>ubi</strong></span> <span class='ocrx_word' id='word_1_118' title='bbox 565 1373 640 1442; x_wconf 77' lang='lat' dir='ltr'><strong>vide</strong></span> <span class='ocrx_word' id='word_1_119' title='bbox 660 1372 851 1445; x_wconf 78' lang='lat' dir='ltr'><strong>Seidleruur.</strong></span> <span class='ocrx_word' id='word_1_120' title='bbox 890 1373 987 1437; x_wconf 86' lang='lat' dir='ltr'><strong>Luna</strong></span> <span class='ocrx_word' id='word_1_121' title='bbox 1005 1382 1112 1441; x_wconf 79' lang='lat' dir='ltr'><strong>autem</strong></span> <span class='ocrx_word' id='word_1_122' title='bbox 1134 1383 1183 1431; x_wconf 82' lang='lat' dir='ltr'><strong>est</strong></span> <span class='ocrx_word' id='word_1_123' title='bbox 1203 1376 1260 1435; x_wconf 87' lang='lat' dir='ltr'><strong>in·</strong></span> 
     </span>
     <span class='ocr_line' id='line_1_15' title="bbox 217 1451 1333 1537; baseline 0.001 -21"><span class='ocrx_word' id='word_1_124' title='bbox 217 1456 395 1537; x_wconf 86' lang='lat' dir='ltr'><strong>telligenda</strong></span> <span class='ocrx_word' id='word_1_125' title='bbox 424 1479 442 1522; x_wconf 86' lang='lat' dir='ltr'><strong>a</strong></span> <span class='ocrx_word' id='word_1_126' title='bbox 467 1457 574 1525; x_wconf 85' lang='lat' dir='ltr'><strong>..Euri</strong></span> <span class='ocrx_word' id='word_1_127' title='bbox 599 1502 606 1520; x_wconf 91' lang='lat'><strong>.</strong></span> <span class='ocrx_word' id='word_1_128' title='bbox 634 1454 756 1518; x_wconf 83' lang='lat' dir='ltr'><strong>Phoen.</strong></span> <span class='ocrx_word' id='word_1_129' title='bbox 778 1451 850 1519; x_wconf 87' lang='grc'><strong>546.</strong></span> <span class='ocrx_word' id='word_1_130' title='bbox 877 1455 966 1536; x_wconf 87' lang='lat' dir='ltr'><strong>qnod</strong></span> <span class='ocrx_word' id='word_1_131' title='bbox 992 1467 1081 1528; x_wconf 77' lang='lat' dir='ltr'><strong>recte</strong></span> <span class='ocrx_word' id='word_1_132' title='bbox 1111 1455 1261 1522; x_wconf 81' lang='lat' dir='ltr'><strong>animad-</strong></span> <span class='ocrx_word' id='word_1_133' title='bbox 1332 1520 1333 1529; x_wconf 18' lang='lat'>¹</span> 
     </span>
     <span class='ocr_line' id='line_1_16' title="bbox 217 1534 1258 1624; baseline 0.001 -22"><span class='ocrx_word' id='word_1_134' title='bbox 217 1547 316 1602; x_wconf 82' lang='lat' dir='ltr'><strong>vertit</strong></span> <span class='ocrx_word' id='word_1_135' title='bbox 334 1541 432 1602; x_wconf 86' lang='lat' dir='ltr'><strong>Erfur</strong></span> <span class='ocrx_word' id='word_1_136' title='bbox 454 1554 476 1601; x_wconf 87' lang='lat' dir='ltr'><strong>t.</strong></span> <span class='ocrx_word' id='word_1_137' title='bbox 499 1541 540 1602; x_wconf 87' lang='lat' dir='ltr'><strong>ad</strong></span> <span class='ocrx_word' id='word_1_138' title='bbox 583 1540 656 1624; x_wconf 82' lang='lat' dir='ltr'><strong>oph.</strong></span> <span class='ocrx_word' id='word_1_139' title='bbox 676 1537 753 1601; x_wconf 88' lang='lat' dir='ltr'><strong>Ant.</strong></span> <span class='ocrx_word' id='word_1_140' title='bbox 777 1534 848 1601; x_wconf 89' lang='grc'><strong>104.</strong></span> <span class='ocrx_word' id='word_1_141' title='bbox 872 1552 906 1601; x_wconf 87' lang='lat' dir='ltr'><strong>et</strong></span> <span class='ocrx_word' id='word_1_142' title='bbox 927 1561 978 1621; x_wconf 89' lang='lat' dir='ltr'><strong>ap.</strong></span> <span class='ocrx_word' id='word_1_143' title='bbox 998 1535 1115 1600; x_wconf 84' lang='lat' dir='ltr'><strong>Aesch.</strong></span> <span class='ocrx_word' id='word_1_144' title='bbox 1136 1539 1166 1598; x_wconf 81' lang='lat'><strong>8.</strong></span> <span class='ocrx_word' id='word_1_145' title='bbox 1181 1538 1258 1603; x_wconf 79' lang='lat' dir='ltr'><strong>adv.</strong></span> 
     </span>
    </p>
   </div>
   <div class='ocr_carea' id='block_1_6' title="bbox 216 1620 1261 1706">
    <p class='ocr_par' dir='ltr' id='par_1_6' title="bbox 216 1620 1261 1706">
     <span class='ocr_line' id='line_1_17' title="bbox 216 1620 1261 1706; baseline 0 -22"><span class='ocrx_word' id='word_1_146' title='bbox 216 1625 280 1685; x_wconf 72' lang='lat' dir='ltr'><strong>Th.</strong></span> <span class='ocrx_word' id='word_1_147' title='bbox 304 1620 377 1692; x_wconf 76' lang='grc'><strong>315.</strong></span> <span class='ocrx_word' id='word_1_148' title='bbox 417 1625 528 1686; x_wconf 86' lang='lat' dir='ltr'><strong>Potest</strong></span> <span class='ocrx_word' id='word_1_149' title='bbox 548 1630 646 1688; x_wconf 85' lang='lat' dir='ltr'><strong>etiam</strong></span> <span class='ocrx_word' id='word_1_150' title='bbox 666 1620 772 1695; x_wconf 74' lang='grc' dir='ltr'><strong><em>νυκτὸς</em></strong></span> <span class='ocrx_word' id='word_1_151' title='bbox 794 1621 876 1703; x_wconf 87' lang='grc' dir='ltr'><strong><em>ὄμμα</em></strong></span> <span class='ocrx_word' id='word_1_152' title='bbox 895 1645 954 1706; x_wconf 90' lang='lat' dir='ltr'><strong>pro</strong></span> <span class='ocrx_word' id='word_1_153' title='bbox 976 1623 1082 1683; x_wconf 86' lang='lat' dir='ltr'><strong>salute</strong></span> <span class='ocrx_word' id='word_1_154' title='bbox 1098 1643 1196 1703; x_wconf 80' lang='lat' dir='ltr'><strong>quam</strong></span> <span class='ocrx_word' id='word_1_155' title='bbox 1213 1635 1261 1684; x_wconf 85' lang='lat' dir='ltr'><strong>at-</strong></span> 
     </span>
    </p>
   </div>
   <div class='ocr_carea' id='block_1_7' title="bbox 121 1701 1258 1791">
    <p class='ocr_par' dir='ltr' id='par_1_7' title="bbox 121 1701 1258 1791">
     <span class='ocr_line' id='line_1_18' title="bbox 121 1701 1258 1791; baseline 0 -23"><span class='ocrx_word' id='word_1_156' title='bbox 121 1722 125 1727; x_wconf 90' lang='grc'><strong>’</strong></span> <span class='ocrx_word' id='word_1_157' title='bbox 216 1709 296 1768; x_wconf 83' lang='lat' dir='ltr'><strong>tulit</strong></span> <span class='ocrx_word' id='word_1_158' title='bbox 321 1728 384 1770; x_wconf 85' lang='lat' dir='ltr'><strong>nox</strong></span> <span class='ocrx_word' id='word_1_159' title='bbox 414 1713 527 1791; x_wconf 89' lang='lat' dir='ltr'><strong>accipi.</strong></span> <span class='ocrx_word' id='word_1_160' title='bbox 565 1709 725 1770; x_wconf 80' lang='lat' dir='ltr'><strong>Similiter</strong></span> <span class='ocrx_word' id='word_1_161' title='bbox 748 1714 891 1791; x_wconf 82' lang='lat' dir='ltr'><strong>positum</strong></span> <span class='ocrx_word' id='word_1_162' title='bbox 915 1720 966 1769; x_wconf 84' lang='lat' dir='ltr'><strong>est</strong></span> <span class='ocrx_word' id='word_1_163' title='bbox 993 1703 1075 1786; x_wconf 88' lang='grc' dir='ltr'><strong><em>ὄμμα</em></strong></span> <span class='ocrx_word' id='word_1_164' title='bbox 1100 1701 1204 1789; x_wconf 35' lang='grc' dir='ltr'><strong><em>φήμης.</em></strong></span> <span class='ocrx_word' id='word_1_165' title='bbox 1222 1713 1258 1768; x_wconf 86' lang='lat' dir='ltr'><strong>in</strong></span> 
     </span>
    </p>
   </div>
   <div class='ocr_carea' id='block_1_8' title="bbox 201 1787 1261 3254">
    <p class='ocr_par' dir='ltr' id='par_1_8' title="bbox 201 1787 1261 3254">
     <span class='ocr_line' id='line_1_19' title="bbox 218 1787 1258 1874; baseline 0.001 -22"><span class='ocrx_word' id='word_1_166' title='bbox 218 1789 316 1874; x_wconf 87' lang='lat' dir='ltr'><strong>Soph.</strong></span> <span class='ocrx_word' id='word_1_167' title='bbox 343 1793 460 1854; x_wconf 81' lang='lat' dir='ltr'><strong>Trach.</strong></span> <span class='ocrx_word' id='word_1_168' title='bbox 491 1791 563 1854; x_wconf 81' lang='lat'><strong>203.</strong></span> <span class='ocrx_word' id='word_1_169' title='bbox 591 1787 664 1853; x_wconf 79' lang='lat'><strong>204.</strong></span> <span class='ocrx_word' id='word_1_170' title='bbox 709 1795 778 1854; x_wconf 83' lang='lat' dir='ltr'><strong>Nox</strong></span> <span class='ocrx_word' id='word_1_171' title='bbox 802 1794 929 1853; x_wconf 86' lang='lat' dir='ltr'><strong>scilicet</strong></span> <span class='ocrx_word' id='word_1_172' title='bbox 944 1790 1095 1852; x_wconf 78' lang='lat' dir='ltr'><strong>&#39;Graecos</strong></span> <span class='ocrx_word' id='word_1_173' title='bbox 1121 1789 1258 1873; x_wconf 84' lang='lat' dir='ltr'><strong>impedi·</strong></span> 
     </span>
     <span class='ocr_line' id='line_1_20' title="bbox 217 1875 1252 1955; baseline 0.001 -19"><span class='ocrx_word' id='word_1_174' title='bbox 217 1879 277 1948; x_wconf 78' lang='lat' dir='ltr'><strong>vit,</strong></span> <span class='ocrx_word' id='word_1_175' title='bbox 298 1882 473 1955; x_wconf 87' lang='lat' dir='ltr'><strong>quominus</strong></span> <span class='ocrx_word' id='word_1_176' title='bbox 490 1881 607 1955; x_wconf 84' lang='lat' dir='ltr'><strong>majori</strong></span> <span class='ocrx_word' id='word_1_177' title='bbox 627 1881 726 1938; x_wconf 83' lang='lat' dir='ltr'><strong>etiam</strong></span> <span class='ocrx_word' id='word_1_178' title='bbox 738 1876 860 1938; x_wconf 72' lang='lat' dir='ltr'><strong>‘Persas</strong></span> <span class='ocrx_word' id='word_1_179' title='bbox 875 1877 1060 1937; x_wconf 75' lang='lat' dir='ltr'><strong>calamitate</strong></span> <span class='ocrx_word' id='word_1_180' title='bbox 1078 1875 1252 1937; x_wconf 79' lang='lat' dir='ltr'><strong>afficerent</strong></span> 
     </span>
     <span class='ocr_line' id='line_1_21' title="bbox 218 1957 1252 2041; baseline 0.006 -24"><span class='ocrx_word' id='word_1_181' title='bbox 218 1957 324 2019; x_wconf 80' lang='lat' dir='ltr'><strong>Saluti</strong></span> <span class='ocrx_word' id='word_1_182' title='bbox 346 1980 420 2041; x_wconf 82' lang='lat' dir='ltr'><strong>ergo</strong></span> <span class='ocrx_word' id='word_1_183' title='bbox 439 1972 510 2021; x_wconf 83' lang='lat' dir='ltr'><strong>erat</strong></span> <span class='ocrx_word' id='word_1_184' title='bbox 532 1959 640 2023; x_wconf 80' lang='lat' dir='ltr'><strong>Persis</strong></span> <span class='ocrx_word' id='word_1_185' title='bbox 668 1983 732 2023; x_wconf 84' lang='lat' dir='ltr'><strong>nox</strong></span> <span class='ocrx_word' id='word_1_186' title='bbox 755 1982 825 2022; x_wconf 90' lang='lat' dir='ltr'><strong>non</strong></span> <span class='ocrx_word' id='word_1_187' title='bbox 845 1965 977 2032; x_wconf 85' lang='lat' dir='ltr'><strong>minori,</strong></span> <span class='ocrx_word' id='word_1_188' title='bbox 1003 1981 1103 2040; x_wconf 84' lang='lat' dir='ltr'><strong>quum</strong></span> <span class='ocrx_word' id='word_1_189' title='bbox 1125 1959 1252 2023; x_wconf 82' lang='lat' dir='ltr'><strong>Graecis</strong></span> 
     </span>
     <span class='ocr_line' id='line_1_22' title="bbox 218 2038 1050 2125; baseline -0.001 -21"><span class='ocrx_word' id='word_1_190' title='bbox 218 2044 257 2109; x_wconf 77' lang='lat' dir='ltr'><strong>in</strong></span> <span class='ocrx_word' id='word_1_191' title='bbox 274 2043 363 2117; x_wconf 79' lang='lat' dir='ltr'><strong>bello</strong></span> <span class='ocrx_word' id='word_1_192' title='bbox 383 2046 524 2125; x_wconf 81' lang='lat' dir='ltr'><strong>Trojano</strong></span> <span class='ocrx_word' id='word_1_193' title='bbox 548 2043 639 2121; x_wconf 83' lang='lat' dir='ltr'><strong>(vide</strong></span> <span class='ocrx_word' id='word_1_194' title='bbox 662 2047 759 2119; x_wconf 78' lang='lat' dir='ltr'><strong>Hom,</strong></span> <span class='ocrx_word' id='word_1_195' title='bbox 780 2045 822 2105; x_wconf 90' lang='lat' dir='ltr'><strong>Il.</strong></span> <span class='ocrx_word' id='word_1_196' title='bbox 845 2046 935 2120; x_wconf 81' lang='lat' dir='ltr'><strong>vlu,</strong></span> <span class='ocrx_word' id='word_1_197' title='bbox 956 2038 1050 2123; x_wconf 67' lang='lat'><strong>487).</strong></span> 
     </span>
     <span class='ocr_line' id='line_1_23' title="bbox 201 2131 1174 2223; baseline 0.004 -25"><span class='ocrx_word' id='word_1_198' title='bbox 201 2131 205 2136; x_wconf 71' lang='grc'>’</span> <span class='ocrx_word' id='word_1_199' title='bbox 305 2135 429 2221; x_wconf 83' lang='grc' dir='ltr'><strong><em>Τρωσίν</em></strong></span> <span class='ocrx_word' id='word_1_200' title='bbox 447 2137 500 2221; x_wconf 79' lang='grc' dir='ltr'><strong><em>μέν</em></strong></span> <span class='ocrx_word' id='word_1_201' title='bbox 518 2137 552 2222; x_wconf 77' lang='grc' dir='ltr'><strong>ῤ’</strong></span> <span class='ocrx_word' id='word_1_202' title='bbox 573 2136 712 2202; x_wconf 75' lang='grc' dir='ltr'><strong><em>ἆίκονσιν</em></strong></span> <span class='ocrx_word' id='word_1_203' title='bbox 733 2135 785 2200; x_wconf 70' lang='lat' dir='ltr'><strong>tto</strong></span> <span class='ocrx_word' id='word_1_204' title='bbox 804 2133 898 2220; x_wconf 72' lang='grc' dir='ltr'><strong><em>φάος·</em></strong></span> <span class='ocrx_word' id='word_1_205' title='bbox 927 2135 1027 2223; x_wconf 78' lang='grc' dir='ltr'><strong><em>αὐτὰρ</em></strong></span> <span class='ocrx_word' id='word_1_206' title='bbox 1047 2135 1174 2220; x_wconf 67' lang='grc' dir='ltr'><strong>Ἀχαιοῖς</strong></span> 
     </span>
     <span class='ocr_line' id='line_1_24' title="bbox 300 2218 1110 2307; baseline 0.004 -26"><span class='ocrx_word' id='word_1_207' title='bbox 300 2218 445 2304; x_wconf 81' lang='grc' dir='ltr'><strong><em>ἀσπασίη,</em></strong></span> <span class='ocrx_word' id='word_1_208' title='bbox 464 2220 641 2307; x_wconf 67' lang='grc' dir='ltr'><strong><em>τρίλλιστος,</em></strong></span> <span class='ocrx_word' id='word_1_209' title='bbox 668 2218 801 2305; x_wconf 70' lang='grc' dir='ltr'><strong>ἐπήλυθε</strong></span> <span class='ocrx_word' id='word_1_210' title='bbox 822 2220 876 2296; x_wconf 80' lang='grc' dir='ltr'><strong>νὺξ</strong></span> <span class='ocrx_word' id='word_1_211' title='bbox 896 2220 1036 2307; x_wconf 76' lang='grc' dir='ltr'><strong>ἐρεβεννή.</strong></span> <span class='ocrx_word' id='word_1_212' title='bbox 1108 2279 1110 2284; x_wconf 93' lang='grc'><strong>.</strong></span> 
     </span>
     <span class='ocr_line' id='line_1_25' title="bbox 217 2321 1256 2416; baseline 0.003 -25"><span class='ocrx_word' id='word_1_213' title='bbox 217 2330 326 2411; x_wconf 83' lang='lat' dir='ltr'><strong>Quam</strong></span> <span class='ocrx_word' id='word_1_214' title='bbox 346 2335 384 2400; x_wconf 88' lang='lat' dir='ltr'><strong>in</strong></span> <span class='ocrx_word' id='word_1_215' title='bbox 402 2321 571 2396; x_wconf 85' lang='lat' dir='ltr'><strong>notionem</strong></span> <span class='ocrx_word' id='word_1_216' title='bbox 594 2337 720 2416; x_wconf 81' lang='lat' dir='ltr'><strong>egregie</strong></span> <span class='ocrx_word' id='word_1_217' title='bbox 741 2332 880 2413; x_wconf 87' lang='lat' dir='ltr'><strong>quadret</strong></span> <span class='ocrx_word' id='word_1_218' title='bbox 893 2335 1031 2396; x_wconf 86' lang='lat' dir='ltr'><strong>verbum</strong></span> <span class='ocrx_word' id='word_1_219' title='bbox 1050 2326 1197 2410; x_wconf 59' lang='lat' dir='ltr'><strong>duellam,</strong></span> <span class='ocrx_word' id='word_1_220' title='bbox 1217 2333 1256 2394; x_wconf 80' lang='lat' dir='ltr'><strong>ad</strong></span> 
     </span>
     <span class='ocr_line' id='line_1_26' title="bbox 217 2415 1255 2499; baseline 0.003 -23"><span class='ocrx_word' id='word_1_221' title='bbox 217 2415 307 2493; x_wconf 86' lang='lat' dir='ltr'><strong>quod</strong></span> <span class='ocrx_word' id='word_1_222' title='bbox 332 2418 483 2499; x_wconf 81' lang='lat' dir='ltr'><strong>suppleas</strong></span> <span class='ocrx_word' id='word_1_223' title='bbox 510 2419 653 2478; x_wconf 81' lang='grc' dir='ltr'><strong>ταῦτα’ἰ.</strong></span> <span class='ocrx_word' id='word_1_224' title='bbox 679 2417 713 2478; x_wconf 66' lang='grc' dir='ltr'><strong>ο.</strong></span> <span class='ocrx_word' id='word_1_225' title='bbox 740 2418 912 2489; x_wconf 83' lang='lat' dir='ltr'><strong>Persarum</strong></span> <span class='ocrx_word' id='word_1_226' title='bbox 942 2418 1067 2479; x_wconf 85' lang='lat' dir='ltr'><strong>cladem</strong></span> <span class='ocrx_word' id='word_1_227' title='bbox 1095 2438 1115 2477; x_wconf 88' lang='lat' dir='ltr'><strong>a</strong></span> <span class='ocrx_word' id='word_1_228' title='bbox 1141 2422 1255 2479; x_wconf 87' lang='lat' dir='ltr'><strong>nuntio</strong></span> 
     </span>
     <span class='ocr_line' id='line_1_27' title="bbox 216 2496 1258 2584; baseline 0.004 -28"><span class='ocrx_word' id='word_1_229' title='bbox 216 2498 351 2564; x_wconf 77' lang='lat' dir='ltr'><strong>Atossas</strong></span> <span class='ocrx_word' id='word_1_230' title='bbox 371 2504 572 2582; x_wconf 76' lang='lat' dir='ltr'><strong>senibusque</strong></span> <span class='ocrx_word' id='word_1_231' title='bbox 592 2502 743 2563; x_wconf 84' lang='lat' dir='ltr'><strong>delatam.</strong></span> <span class='ocrx_word' id='word_1_232' title='bbox 767 2500 874 2562; x_wconf 87' lang='lat' dir='ltr'><strong>Schol.</strong></span> <span class='ocrx_word' id='word_1_233' title='bbox 898 2502 934 2562; x_wconf 86' lang='grc' dir='ltr'><strong>Β.</strong></span> <span class='ocrx_word' id='word_1_234' title='bbox 954 2497 1107 2584; x_wconf 77' lang='grc' dir='ltr'><strong><em>ἀφείλετο]</em></strong></span> <span class='ocrx_word' id='word_1_235' title='bbox 1127 2497 1183 2562; x_wconf 85' lang='grc' dir='ltr'><strong>τὸν</strong></span> <span class='ocrx_word' id='word_1_236' title='bbox 1200 2496 1258 2560; x_wconf 87' lang='grc' dir='ltr'><strong>πό-</strong></span> 
     </span>
     <span class='ocr_line' id='line_1_28' title="bbox 216 2575 1260 2666; baseline 0.003 -23"><span class='ocrx_word' id='word_1_237' title='bbox 216 2575 312 2661; x_wconf 66' lang='grc' dir='ltr'><strong><em>λεμον.</em></strong></span> <span class='ocrx_word' id='word_1_238' title='bbox 354 2584 469 2648; x_wconf 68' lang='lat' dir='ltr'><strong>Vertar</strong></span> <span class='ocrx_word' id='word_1_239' title='bbox 489 2590 602 2666; x_wconf 81' lang='lat' dir='ltr'><strong>igitur:</strong></span> <span class='ocrx_word' id='word_1_240' title='bbox 624 2584 766 2655; x_wconf 79' lang='lat' dir='ltr'><strong>„Donec</strong></span> <span class='ocrx_word' id='word_1_241' title='bbox 777 2586 1106 2656; x_wconf 75' lang='lat' dir='ltr'><strong>tenebrae&#39;sulutares</strong></span> <span class='ocrx_word' id='word_1_242' title='bbox 1123 2586 1260 2654; x_wconf 70' lang='lat' dir='ltr'><strong>finuent</strong></span> 
     </span>
     <span class='ocr_line' id='line_1_29' title="bbox 216 2665 1260 2748; baseline 0.006 -24"><span class='ocrx_word' id='word_1_243' title='bbox 216 2686 260 2725; x_wconf 83' lang='lat' dir='ltr'><strong>rc.</strong></span> <span class='ocrx_word' id='word_1_244' title='bbox 280 2665 378 2728; x_wconf 86' lang='lat' dir='ltr'><strong>huius</strong></span> <span class='ocrx_word' id='word_1_245' title='bbox 399 2669 466 2732; x_wconf 86' lang='lat' dir='ltr'><strong>diei</strong></span> <span class='ocrx_word' id='word_1_246' title='bbox 487 2670 737 2736; x_wconf 81' lang='lat' dir='ltr'><strong>infortunium.“</strong></span> <span class='ocrx_word' id='word_1_247' title='bbox 779 2668 896 2748; x_wconf 77' lang='lat' dir='ltr'><strong>Itaque</strong></span> <span class='ocrx_word' id='word_1_248' title='bbox 922 2665 1027 2741; x_wconf 74' lang='grc' dir='ltr'><strong><em>νυκτὸς</em></strong></span> <span class='ocrx_word' id='word_1_249' title='bbox 1056 2666 1137 2748; x_wconf 87' lang='grc' dir='ltr'><strong><em>ὄμμα</em></strong></span> <span class='ocrx_word' id='word_1_250' title='bbox 1163 2666 1260 2746; x_wconf 74' lang='grc' dir='ltr'><strong><em>ἀφαν-</em></strong></span> 
     </span>
     <span class='ocr_line' id='line_1_30' title="bbox 216 2748 1260 2836; baseline 0.007 -27"><span class='ocrx_word' id='word_1_251' title='bbox 216 2750 393 2832; x_wconf 75' lang='lat' dir='ltr'><strong>prindein</strong></span> <span class='ocrx_word' id='word_1_252' title='bbox 418 2755 505 2824; x_wconf 83' lang='lat' dir='ltr'><strong>bene</strong></span> <span class='ocrx_word' id='word_1_253' title='bbox 531 2755 658 2816; x_wconf 88' lang='lat' dir='ltr'><strong>dicitur.</strong></span> <span class='ocrx_word' id='word_1_254' title='bbox 710 2753 827 2830; x_wconf 79' lang='lat' dir='ltr'><strong>Neque</strong></span> <span class='ocrx_word' id='word_1_255' title='bbox 862 2749 995 2831; x_wconf 71' lang='grc' dir='ltr'><strong><em>οἰμωγὴν</em></strong></span> <span class='ocrx_word' id='word_1_256' title='bbox 1023 2765 1097 2836; x_wconf 81' lang='lat' dir='ltr'><strong>post</strong></span> <span class='ocrx_word' id='word_1_257' title='bbox 1121 2748 1260 2830; x_wconf 64' lang='grc' dir='ltr'><strong>ἀφείλετο</strong></span> 
     </span>
     <span class='ocr_line' id='line_1_31' title="bbox 217 2838 1260 2918; baseline 0.008 -25"><span class='ocrx_word' id='word_1_258' title='bbox 217 2838 328 2900; x_wconf 85' lang='lat' dir='ltr'><strong>animo</strong></span> <span class='ocrx_word' id='word_1_259' title='bbox 350 2838 585 2918; x_wconf 85' lang='lat' dir='ltr'><strong>supplendum,</strong></span> <span class='ocrx_word' id='word_1_260' title='bbox 626 2840 782 2914; x_wconf 78' lang='lat' dir='ltr'><strong>queniam</strong></span> <span class='ocrx_word' id='word_1_261' title='bbox 819 2856 858 2897; x_wconf 90' lang='lat' dir='ltr'><strong>eo</strong></span> <span class='ocrx_word' id='word_1_262' title='bbox 892 2839 1052 2904; x_wconf 64' lang='lat' dir='ltr'><strong>vocabulo</strong></span> <span class='ocrx_word' id='word_1_263' title='bbox 1083 2839 1260 2904; x_wconf 86' lang='lat' dir='ltr'><strong>subaudito</strong></span> 
     </span>
     <span class='ocr_line' id='line_1_32' title="bbox 216 2919 1261 3000; baseline 0.01 -24"><span class='ocrx_word' id='word_1_264' title='bbox 216 2937 330 2977; x_wconf 80' lang='lat' dir='ltr'><strong>sensns</strong></span> <span class='ocrx_word' id='word_1_265' title='bbox 360 2940 379 2977; x_wconf 87' lang='lat' dir='ltr'><strong>a</strong></span> <span class='ocrx_word' id='word_1_266' title='bbox 406 2921 547 2998; x_wconf 82' lang='lat' dir='ltr'><strong>quadam</strong></span> <span class='ocrx_word' id='word_1_267' title='bbox 570 2930 663 3000; x_wconf 83' lang='lat' dir='ltr'><strong>parte</strong></span> <span class='ocrx_word' id='word_1_268' title='bbox 688 2919 858 2987; x_wconf 75' lang='lat' dir='ltr'><strong>claudicat.</strong></span> <span class='ocrx_word' id='word_1_269' title='bbox 898 2922 963 2982; x_wconf 78' lang='lat' dir='ltr'><strong>Cur</strong></span> <span class='ocrx_word' id='word_1_270' title='bbox 993 2927 1082 2984; x_wconf 90' lang='lat' dir='ltr'><strong>enim</strong></span> <span class='ocrx_word' id='word_1_271' title='bbox 1100 2922 1261 2985; x_wconf 51' lang='lat' dir='ltr'><strong>lamenta*</strong></span> 
     </span>
     <span class='ocr_line' id='line_1_33' title="bbox 215 3000 1260 3088; baseline 0.006 -24"><span class='ocrx_word' id='word_1_272' title='bbox 215 3002 316 3064; x_wconf 83' lang='lat' dir='ltr'><strong>tionis</strong></span> <span class='ocrx_word' id='word_1_273' title='bbox 342 3000 444 3066; x_wconf 85' lang='lat' dir='ltr'><strong>finem</strong></span> <span class='ocrx_word' id='word_1_274' title='bbox 468 3004 576 3066; x_wconf 81' lang='lat' dir='ltr'><strong>iacere</strong></span> <span class='ocrx_word' id='word_1_275' title='bbox 603 3001 701 3064; x_wconf 87' lang='lat' dir='ltr'><strong>debet</strong></span> <span class='ocrx_word' id='word_1_276' title='bbox 730 3005 813 3065; x_wconf 76' lang='lat' dir='ltr'><strong>nox?</strong></span> <span class='ocrx_word' id='word_1_277' title='bbox 850 3005 1018 3085; x_wconf 85' lang='lat' dir='ltr'><strong>Numquid</strong></span> <span class='ocrx_word' id='word_1_278' title='bbox 1044 3000 1260 3088; x_wconf 77' lang='lat' dir='ltr'><strong>pernoctem</strong></span> 
     </span>
     <span class='ocr_line' id='line_1_34' title="bbox 216 3083 1260 3173; baseline 0.01 -29"><span class='ocrx_word' id='word_1_279' title='bbox 216 3083 359 3147; x_wconf 79' lang='lat' dir='ltr'><strong>ululatus</strong></span> <span class='ocrx_word' id='word_1_280' title='bbox 383 3087 459 3152; x_wconf 85' lang='lat' dir='ltr'><strong>tolli</strong></span> <span class='ocrx_word' id='word_1_281' title='bbox 483 3089 620 3167; x_wconf 79' lang='lat' dir='ltr'><strong>nequit?</strong></span> <span class='ocrx_word' id='word_1_282' title='bbox 658 3087 694 3148; x_wconf 86' lang='lat' dir='ltr'><strong>Si</strong></span> <span class='ocrx_word' id='word_1_283' title='bbox 722 3087 852 3168; x_wconf 79' lang='lat' dir='ltr'><strong>singula</strong></span> <span class='ocrx_word' id='word_1_284' title='bbox 878 3110 939 3152; x_wconf 75' lang='lat' dir='ltr'><strong>vox</strong></span> <span class='ocrx_word' id='word_1_285' title='bbox 958 3090 1135 3173; x_wconf 82' lang='lat' dir='ltr'><strong>repetenda</strong></span> <span class='ocrx_word' id='word_1_286' title='bbox 1160 3104 1260 3165; x_wconf 77' lang='lat' dir='ltr'><strong>esset,</strong></span> 
     </span>
     <span class='ocr_line' id='line_1_35' title="bbox 215 3161 813 3254; baseline -0.003 -20"><span class='ocrx_word' id='word_1_287' title='bbox 215 3167 360 3241; x_wconf 63' lang='grc' dir='ltr'><strong>πελαγίαν</strong></span> <span class='ocrx_word' id='word_1_288' title='bbox 376 3161 438 3242; x_wconf 75' lang='grc' dir='ltr'><strong>ἅλα</strong></span> <span class='ocrx_word' id='word_1_289' title='bbox 458 3172 575 3242; x_wconf 82' lang='lat' dir='ltr'><strong>melius</strong></span> <span class='ocrx_word' id='word_1_290' title='bbox 603 3183 813 3254; x_wconf 72' lang='lat' dir='ltr'><strong>repeteretur.</strong></span> 
     </span>
    </p>
   </div>
   <div class='ocr_carea' id='block_1_9' title="bbox 214 3297 1262 3805">
    <p class='ocr_par' dir='ltr' id='par_1_9' title="bbox 214 3297 1262 3805">
     <span class='ocr_line' id='line_1_36' title="bbox 298 3297 1260 3387; baseline 0.003 -22"><span class='ocrx_word' id='word_1_291' title='bbox 298 3324 331 3365; x_wconf 83' lang='lat' dir='ltr'><strong>v.</strong></span> <span class='ocrx_word' id='word_1_292' title='bbox 348 3300 423 3366; x_wconf 79' lang='grc'><strong>399.</strong></span> <span class='ocrx_word' id='word_1_293' title='bbox 465 3305 519 3366; x_wconf 89' lang='lat' dir='ltr'><strong>De</strong></span> <span class='ocrx_word' id='word_1_294' title='bbox 538 3304 684 3368; x_wconf 79' lang='lat' dir='ltr'><strong>adverbii</strong></span> <span class='ocrx_word' id='word_1_295' title='bbox 697 3297 820 3381; x_wconf 77' lang='grc' dir='ltr'><strong><em>μηδαμὰ</em></strong></span> <span class='ocrx_word' id='word_1_296' title='bbox 841 3304 928 3387; x_wconf 86' lang='lat' dir='ltr'><strong>apud</strong></span> <span class='ocrx_word' id='word_1_297' title='bbox 944 3310 1081 3387; x_wconf 83' lang='lat' dir='ltr'><strong>tragicos</strong></span> <span class='ocrx_word' id='word_1_298' title='bbox 1102 3328 1165 3368; x_wconf 90' lang='lat' dir='ltr'><strong>usu</strong></span> <span class='ocrx_word' id='word_1_299' title='bbox 1180 3329 1260 3370; x_wconf 89' lang='lat' dir='ltr'><strong>con·</strong></span> 
     </span>
     <span class='ocr_line' id='line_1_37' title="bbox 215 3385 1260 3467; baseline 0.007 -22"><span class='ocrx_word' id='word_1_300' title='bbox 215 3385 287 3447; x_wconf 88' lang='lat' dir='ltr'><strong>sule</strong></span> <span class='ocrx_word' id='word_1_301' title='bbox 313 3388 539 3448; x_wconf 82' lang='lat' dir='ltr'><strong>Hermaunnm</strong></span> <span class='ocrx_word' id='word_1_302' title='bbox 566 3388 609 3454; x_wconf 84' lang='lat' dir='ltr'><strong>ad</strong></span> <span class='ocrx_word' id='word_1_303' title='bbox 634 3388 732 3467; x_wconf 80' lang='lat' dir='ltr'><strong>Soph.</strong></span> <span class='ocrx_word' id='word_1_304' title='bbox 759 3388 875 3449; x_wconf 74' lang='lat' dir='ltr'><strong>Trach.</strong></span> <span class='ocrx_word' id='word_1_305' title='bbox 900 3386 1000 3451; x_wconf 65' lang='lat'><strong>322·</strong></span> <span class='ocrx_word' id='word_1_306' title='bbox 1026 3391 1176 3453; x_wconf 79' lang='lat' dir='ltr'><strong>Occurrit</strong></span> <span class='ocrx_word' id='word_1_307' title='bbox 1203 3388 1260 3452; x_wconf 81' lang='grc' dir='ltr'><strong>οὐ·</strong></span> 
     </span>
     <span class='ocr_line' id='line_1_38' title="bbox 215 3463 1262 3552; baseline 0.003 -23"><span class='ocrx_word' id='word_1_308' title='bbox 215 3463 297 3547; x_wconf 75' lang='grc' dir='ltr'><strong><em>(λαμὰ</em></strong></span> <span class='ocrx_word' id='word_1_309' title='bbox 318 3483 352 3534; x_wconf 88' lang='lat' dir='ltr'><strong>et</strong></span> <span class='ocrx_word' id='word_1_310' title='bbox 371 3467 495 3552; x_wconf 80' lang='grc' dir='ltr'><strong><em>μηδαμὰ</em></strong></span> <span class='ocrx_word' id='word_1_311' title='bbox 516 3492 584 3532; x_wconf 88' lang='lat' dir='ltr'><strong>uon</strong></span> <span class='ocrx_word' id='word_1_312' title='bbox 605 3475 643 3530; x_wconf 88' lang='lat' dir='ltr'><strong>in</strong></span> <span class='ocrx_word' id='word_1_313' title='bbox 662 3472 790 3532; x_wconf 79' lang='lat' dir='ltr'><strong>melicis</strong></span> <span class='ocrx_word' id='word_1_314' title='bbox 811 3473 928 3544; x_wconf 87' lang='lat' dir='ltr'><strong>solum,</strong></span> <span class='ocrx_word' id='word_1_315' title='bbox 948 3473 1007 3536; x_wconf 87' lang='lat' dir='ltr'><strong>sed</strong></span> <span class='ocrx_word' id='word_1_316' title='bbox 1028 3479 1128 3535; x_wconf 85' lang='lat' dir='ltr'><strong>etiam</strong></span> <span class='ocrx_word' id='word_1_317' title='bbox 1150 3482 1188 3537; x_wconf 84' lang='lat' dir='ltr'><strong>in</strong></span> <span class='ocrx_word' id='word_1_318' title='bbox 1209 3476 1262 3536; x_wconf 59' lang='lat' dir='ltr'><strong>div</strong></span> 
     </span>
     <span class='ocr_line' id='line_1_39' title="bbox 214 3554 1262 3638; baseline 0.007 -25"><span class='ocrx_word' id='word_1_319' title='bbox 214 3557 336 3622; x_wconf 73' lang='lat' dir='ltr'><strong>rerbiin</strong></span> <span class='ocrx_word' id='word_1_320' title='bbox 356 3557 540 3638; x_wconf 81' lang='lat' dir='ltr'><strong>aliquoties.</strong></span> <span class='ocrx_word' id='word_1_321' title='bbox 584 3554 694 3635; x_wconf 83' lang='lat' dir='ltr'><strong>Quare</strong></span> <span class='ocrx_word' id='word_1_322' title='bbox 714 3575 784 3616; x_wconf 91' lang='lat' dir='ltr'><strong>nou</strong></span> <span class='ocrx_word' id='word_1_323' title='bbox 809 3557 1036 3628; x_wconf 68' lang='lat' dir='ltr'><strong>dubitandum,</strong></span> <span class='ocrx_word' id='word_1_324' title='bbox 1064 3565 1149 3638; x_wconf 88' lang='lat' dir='ltr'><strong>quin</strong></span> <span class='ocrx_word' id='word_1_325' title='bbox 1168 3562 1262 3620; x_wconf 86' lang='lat' dir='ltr'><strong>bene</strong></span> 
     </span>
     <span class='ocr_line' id='line_1_40' title="bbox 215 3632 1261 3721; baseline 0.011 -26"><span class='ocrx_word' id='word_1_326' title='bbox 215 3635 350 3700; x_wconf 78' lang='lat' dir='ltr'><strong>haberet</strong></span> <span class='ocrx_word' id='word_1_327' title='bbox 376 3640 409 3700; x_wconf 85' lang='lat' dir='ltr'><strong>h.</strong></span> <span class='ocrx_word' id='word_1_328' title='bbox 429 3641 453 3701; x_wconf 93' lang='lat'><strong>1.</strong></span> <span class='ocrx_word' id='word_1_329' title='bbox 471 3632 604 3721; x_wconf 72' lang='grc' dir='ltr'><strong><em>μηδάμ’,</em></strong></span> <span class='ocrx_word' id='word_1_330' title='bbox 620 3644 660 3708; x_wconf 69' lang='grc' dir='ltr'><strong>,εἰ</strong></span> <span class='ocrx_word' id='word_1_331' title='bbox 681 3639 791 3720; x_wconf 75' lang='lat' dir='ltr'><strong>plures</strong></span> <span class='ocrx_word' id='word_1_332' title='bbox 814 3661 855 3700; x_wconf 86' lang='lat' dir='ltr'><strong>ac</strong></span> <span class='ocrx_word' id='word_1_333' title='bbox 872 3640 935 3702; x_wconf 86' lang='lat' dir='ltr'><strong>duo</strong></span> <span class='ocrx_word' id='word_1_334' title='bbox 962 3642 1041 3702; x_wconf 83' lang='lat' dir='ltr'><strong>libri</strong></span> <span class='ocrx_word' id='word_1_335' title='bbox 1060 3644 1098 3705; x_wconf 81' lang='lat' dir='ltr'><strong>A.</strong></span> <span class='ocrx_word' id='word_1_336' title='bbox 1120 3655 1155 3705; x_wconf 86' lang='lat' dir='ltr'><strong>et</strong></span> <span class='ocrx_word' id='word_1_337' title='bbox 1181 3666 1211 3706; x_wconf 79' lang='lat' dir='ltr'><strong>v.</strong></span> <span class='ocrx_word' id='word_1_338' title='bbox 1234 3644 1261 3706; x_wconf 90' lang='lat' dir='ltr'><strong>l.</strong></span> 
     </span>
     <span class='ocr_line' id='line_1_41' title="bbox 214 3718 1259 3805; baseline 0.011 -27"><span class='ocrx_word' id='word_1_339' title='bbox 214 3718 252 3779; x_wconf 85' lang='lat' dir='ltr'><strong>B.</strong></span> <span class='ocrx_word' id='word_1_340' title='bbox 276 3722 462 3786; x_wconf 79' lang='lat' dir='ltr'><strong>adverbium</strong></span> <span class='ocrx_word' id='word_1_341' title='bbox 475 3724 674 3785; x_wconf 86' lang='lat' dir='ltr'><strong>exhiberent.</strong></span> <span class='ocrx_word' id='word_1_342' title='bbox 719 3719 762 3794; x_wconf 79' lang='lat' dir='ltr'><strong>At</strong></span> <span class='ocrx_word' id='word_1_343' title='bbox 775 3725 917 3805; x_wconf 69' lang='lat' dir='ltr'><strong>vulgata,</strong></span> <span class='ocrx_word' id='word_1_344' title='bbox 931 3747 1030 3804; x_wconf 79' lang='lat' dir='ltr'><strong>quam</strong></span> <span class='ocrx_word' id='word_1_345' title='bbox 1042 3732 1259 3799; x_wconf 76' lang='lat' dir='ltr'><strong>restituimus,</strong></span> 
     </span>
    </p>
   </div>
   <div class='ocr_carea' id='block_1_10' title="bbox 214 3805 1259 3904">
    <p class='ocr_par' dir='ltr' id='par_1_10' title="bbox 214 3805 1259 3904">
     <span class='ocr_line' id='line_1_42' title="bbox 214 3805 1259 3904; baseline 0.009 -40"><span class='ocrx_word' id='word_1_346' title='bbox 214 3809 362 3873; x_wconf 83' lang='lat' dir='ltr'><strong>omnium</strong></span> <span class='ocrx_word' id='word_1_347' title='bbox 381 3808 454 3883; x_wconf 68' lang='lat' dir='ltr'><strong>edd*</strong></span> <span class='ocrx_word' id='word_1_348' title='bbox 479 3812 693 3904; x_wconf 78' lang='lat' dir='ltr'><strong>omniumque</strong></span> <span class='ocrx_word' id='word_1_349' title='bbox 716 3805 843 3871; x_wconf 82' lang='lat' dir='ltr'><strong>duobus</strong></span> <span class='ocrx_word' id='word_1_350' title='bbox 868 3812 1194 3904; x_wconf 42' lang='lat' dir='ltr'><strong>exceptisvoodioum.</strong></span> <span class='ocrx_word' id='word_1_351' title='bbox 1207 3813 1259 3873; x_wconf 77' lang='lat' dir='ltr'><strong>le=</strong></span> 
     </span>
    </p>
   </div>
   <div class='ocr_carea' id='block_1_11' title="bbox 115 3889 370 3972">
    <p class='ocr_par' dir='ltr' id='par_1_11' title="bbox 115 3889 370 3972">
     <span class='ocr_line' id='line_1_43' title="bbox 115 3889 370 3972; baseline 0.008 -22"><span class='ocrx_word' id='word_1_352' title='bbox 115 3951 122 3958; x_wconf 79' lang='grc'><strong><em>,</em></strong></span> <span class='ocrx_word' id='word_1_353' title='bbox 215 3889 280 3958; x_wconf 82' lang='lat' dir='ltr'><strong>etio</strong></span> <span class='ocrx_word' id='word_1_354' title='bbox 305 3898 370 3972; x_wconf 61' lang='lat' dir='ltr'><strong>est„</strong></span> 
     </span>
    </p>
   </div>
   <div class='ocr_carea' id='block_1_12' title="bbox 0 0 1364 4600">
    <p class='ocr_par' dir='ltr' id='par_1_12' title="bbox 0 0 1364 4600">
     <span class='ocr_line' id='line_1_44' title="bbox 0 0 1364 4600; baseline 0 0"><span class='ocrx_word' id='word_1_355' title='bbox 0 0 1364 4600; x_wconf 95' lang='lat' dir='ltr'><strong> </strong></span> 
     </span>
    </p>
   </div>
  </div>
 </body>
</html>
