2717 4600
405 182 744 280 s-209-

170 350 250 417 otr’
278 352 310 425 ἐς
333 356 392 431 γᾶν
415 360 452 417 in
479 356 633 420 omnibus
653 355 747 416 libris
763 363 881 418 exstat=
910 309 982 415 οὐδς
1006 358 1131 436 primus

89 437 200 503 intulit
222 439 390 515 Heatbius,
411 462 509 521 quem
529 444 663 519 sequuti
678 437 947 500 suntBrunokius
970 453 1004 500 et
1013 441 1132 502 Schue-

88 532 179 599 taius,
202 526 257 585 hic
279 525 412 604 quidem
435 547 479 586 ne
498 530 624 585 monito
644 523 780 603 quidem
797 524 928 601 lectore.
969 526 1131 588 Nimirum

87 611 304 678 crediderunt,
331 612 525 691 praegressis
546 604 584 669 ου’
604 620 638 668 et
655 602 696 686 μὴ
723 628 792 668 non
813 603 881 666 οὔτε
906 620 939 668 et
965 603 1046 686 μήτε,
1071 609 1130 670 sed

85 688 157 755 οὐδὲ
178 706 211 753 et
224 687 299 771 μηδὲ
319 699 414 772 sequi
430 694 556 764 debere,
581 713 666 773 quae
679 692 790 773 regula
806 694 846 750 ab
856 692 1013 758 Elmsleie
1026 707 1146 773 nuper

83 778 220 839 defensa
241 776 282 837 ad
291 778 369 841 Eur.
383 772 514 839 Medi.
540 777 626 838 falsa
648 786 706 835 est.
750 776 834 838 Vide
847 776 957 839 Herm.
978 777 1018 838 ad
1030 776 1127 857 Soph.

81 861 132 941 Aj.
151 856 225 923 423.
246 871 281 921 et
306 866 344 921 in
365 862 510 923 Censura
529 862 619 922 Med.
649 856 764 920 Elmsl.
795 880 827 940 p.
847 856 921 923 330.
954 860 1004 923 ed.
1036 864 1125 942 Lips.

81 948 204 1026 Reisig.
228 948 383 1024 Conjcin
400 942 563 1027 Aristoph.
585 947 673 1026 1.,p.
697 942 770 1008 189.
790 976 833 990 -··
876 944 972 1025 Quod
996 967 1071 1022 pero
1091 968 1128 1005 u·
1198 964 1202 970 ·
1265 985 1268 994 .

80 1054 153 1091 sum
173 1032 352 1090 formarum
365 1028 407 1097 εἷς
430 1041 465 1089 et
481 1027 518 1098 it.
532 1033 659 1098 attinet,
682 1023 863 1090 audiendus
885 1041 934 1092 est
948 1031 1126 1092 Hermann.

80 1122 119 1175 in
137 1113 243 1182 Praei.
265 1115 305 1173 ad
324 1113 423 1192 Soph.
444 1110 495 1194 Aj.
520 1135 553 1193 p.
569 1111 619 1172 18.
662 1112 781 1189 Neque
800 1113 1007 1176 concedimus
1020 1115 1129 1174 Blom-

79 1195 193 1260 fieldio
227 1209 261 1257 et
286 1197 456 1256 Elmsleio‘
475 1197 514 1256 ad
539 1197 651 1277 Eurip.
681 1195 774 1256 Med.
802 1217 835 1277 p.
859 1188 910 1262 74.
936 1192 989 1263 75.
1020 1190 1072 1258 84.
1098 1197 1129 1268 ἒς

81 1286 334 1345 nonnisi‘metri
355 1301 453 1341 causa
482 1280 718 1340 admittendum
747 1302 828 1340 esse.
867 1280 937 1346 Imo
967 1295 1127 1361 quantum

79 1387 141 1450 per
158 1378 299 1427 metrum
319 1366 409 1435 licet,
430 1365 578 1424 codicum
599 1368 772 1424 auctoritas
792 1366 957 1426 observari
975 1366 1082 1427 debet.
1117 1369 1122 1380 ’

165 1514 199 1555 v.
223 1487 293 1552 553.
335 1491 535 1552 correximus
562 1482 698 1570 βασίλεια
724 1494 762 1549 in
783 1486 926 1569 βασιλεία.
954 1488 1062 1552 Schol.
1080 1486 1122 1552 A.

80 1571 123 1635 τὰ
143 1568 393 1635 τοιαῦτοποίκτα
411 1569 533 1651 mirano
552 1570 668 1655 μακρὸν
687 1569 743 1653 ἔχει
761 1569 801 1632 ’τὸ
822 1566 853 1633 ἄ.

165 1724 197 1764 v.
219 1695 291 1761 559.
333 1696 411 1760 Post
429 1693 549 1781 ἄρουρα
566 1704 733 1782 posuimus
753 1721 886 1761 comma.
927 1692 1126 1769 Aiavroc'ad

78 1786 174 1855 νᾶσος
193 1789 345 1868 pertinet.
388 1781 525 1844 Porsoni
552 1806 627 1847 vero
657 1789 844 1867 conjectura
872 1805 893 1844 a
917 1783 1124 1846 Blomfieldio

78 1881 212 1953 recepta
229 1873 366 1929 minime
389 1879 438 1928 est
459 1889 550 1950 opus.

161 2018 194 2058 v.
218 1991 292 2056 562.
335 1993 454 2053 Multis
482 1998 520 2053 in
545 1995 638 2055 libris
657 1990 802 2075 diotrepes·
821 1995 1007 2066 exhibetur,
1034 1992 1125 2075 quod

76 2090 274 2161 receperunt
305 2077 445 2137 editores
482 2079 674 2136 Britannici.
736 2076 779 2137 At
808 2074 943 2159 &praepos
975 2079 1026 2138 nil
1060 2082 1126 2139 nisi

77 2165 266 2225 emendatio
288 2166 367 2219 satis
398 2164 536 2237 antiqua
563 2164 609 2237 (v.
631 2159 738 2220 Schol.
759 2161 814 2238 Β.)
839 2163 989 2241 vulgatae
1012 2163 1126 2224 lectio·

76 2253 132 2307 nis
152 2267 222 2306 esse
241 2243 380 2307 videtur.
424 2243 661 2314 Blomfieldins,
674 2265 776 2323 quum
791 2265 862 2308 eam
881 2265 1008 2316 rocem,
1021 2267 1125 2325 quan·
1189 2318 1191 2323 ¹

75 2333 130 2393 do·
143 2336 180 2390 in
201 2330 263 2389 hoc
285 2347 382 2387 sensu
405 2339 555 2409 ponatur,
584 2350 658 2388 curn
679 2332 823 2408 genitivo
852 2335 996 2390 construi
1017 2336 1124 2410 neget,

74 2416 203 2497 duplici
223 2432 322 2473 sensu
343 2432 464 2471 nomen
485 2408 617 2490 ἐξοπορος
642 2412 851 2482 condonavit,
878 2435 976 2492 quem
1004 2413 1126 2475 trusm

74 2503 191 2561 conati
211 2517 324 2558 sumus
341 2500 506 2577 expiscari.
551 2497 642 2578 Quin
661 2497 696 2556 h.
717 2497 745 2558 l..
764 2493 897 2577 iitnopoo
916 2497 1125 2578 significatio·

73 2606 169 2644 nem:
191 2601 329 2660 „caupo,
342 2589 511 2651 mercator,
525 2584 717 2660 navigator“
735 2591 858 2654 tenere,
871 2583 1036 2662 praeclare
1057 2587 1124 2645 evi-

72 2674 123 2729 cit
141 2666 271 2727 Passov.
294 2668 331 2724 in
352 2663 427 2724 Lex.
453 2656 498 2747 gi.
538 2665 690 2741 Namque
711 2658 844 2744 ἔμπορος
868 2667 968 2725 κακῶν
996 2676 1047 2726 est
1065 2685 1123 2727 na·

69 2759 211 2833 vigator,
240 2754 333 2809 cuius
359 2764 442 2806 onus
465 2761 514 2808 est
540 2749 675 2809 malum.
737 2748 873 2809 Exstant
903 2753 1000 2809 etiam
1025 2751 1123 2810 multi

69 2839 228 2913 vulgatae
254 2834 433 2912 scripturae
459 2843 619 2907 auctores,
655 2851 796 2910 quorum
825 2837 956 2892 maximi
982 2835 1121 2894 facimus

70 2919 187 2983 Schol.
217 2915 268 2984 A.
297 2920 388 2976 cuius
410 2914 491 2974 haec
518 2927 596 2975 sunt
616 2918 731 2976 verbaz
758 2905 785 2974 oi
814 2911 909 2994 φίλος
936 2910 1016 2986 ὅστις
1040 2921 1126 2999 κυρεῖ

68 2994 273 3082 καὶ”ὑπάρχει
294 2995 426 3076 ἔμπορος
446 2999 509 3057 τῶν
530 3000 638 3073 κακοῖν,
660 2996 754 3076 ἤγουν
775 2995 911 3078 inni-inv
928 3006 994 3070 τοῖς
1017 3005 1122 3073 κακοῖς

67 3113 98 3151 κ.
122 3108 149 3147 τ.
168 3079 194 3144 λ.
234 3084 378 3143 Omnino
398 3093 468 3141 tota
486 3081 685 3142 scholiastae
714 3093 792 3143 nota
819 3084 908 3144 lectu
933 3083 1122 3166 dignissima

26 3218 27 3221 η
69 3184 137 3246 est,
155 3165 268 3230 contra
289 3187 389 3247 quam
407 3166 458 3224 nil
474 3166 594 3238 valent,
619 3187 704 3244 quae
724 3179 957 3229 commentatus
986 3180 1036 3228 est
1055 3168 1122 3227 Sie-

67 3257 160 3319 belis
186 3276 218 3334 p.
240 3246 293 3318 71.
324 3246 376 3316 72.
420 3249 537 3328 Itaque
564 3248 760 3308 difficilioris
790 3263 823 3310 et
847 3254 948 3333 magis
973 3256 1119 3333 poeticae

65 3336 227 3402 lectionis
252 3357 295 3395 ne
319 3333 483 3393 tradamus
508 3334 619 3395 locum
645 3331 786 3394 faciliori
807 3345 840 3396 et
863 3353 992 3419 prosam
1018 3338 1120 3415 magis

67 3427 257 3488 orationem
277 3422 430 3500 sapienti.
484 3480 485 3483 ,
596 3498 598 3507 .

158 3570 190 3612 v.
211 3543 284 3621 563,
326 3544 427 3606 Inrr.
448 3545 472 3603 1.
502 3539 649 3603 ἐπίστασο
677 3539 817 3624 duplicis
844 3545 1042 3607 recensionis
1062 3562 1119 3606 ve·

66 3639 206 3714 stigium
214 3626 465 3712 apprehendisse
480 3629 680 3688 arbitramur.
704 3628 806 3706 Leges
821 3644 1025 3705 quaesumus,
1034 3649 1122 3706 quae

67 3718 181 3778 Schol.
199 3721 236 3781 B.
257 3715 351 3774 docte
368 3713 408 3773 de
428 3711 463 3772 h.
485 3713 509 3773 l.
535 3715 678 3772 monuit:
706 3704 868 3790 Γράφεται
892 3706 943 3770 καὶ
973 3708 1119 3773 ἐπίστασο

65 3797 136 3870 καὶ,
149 3799 312 3860 sumserat.
335 3792 402 3857 Καὶ
422 3792 458 3875 τὸ
479 3789 532 3874 μὲν
553 3792 699 3856 ἐπίστασο
727 3788 839 3870 οὕτως,
866 3792 994 3855 εἰποῦσα
1018 3789 1120 3875 {1³24-

62 3903 174 3949 τοσοο
193 3880 401 3960 πληθυντικῶς
419 3875 497 3964 πρὸς
514 3872 617 3941 πάντα
630 3875 685 3961 nir
706 3872 814 3962 χορόν·
835 3866 978 3959 doiioq
989 3898 1120 3966 μεριοκι-

105 3971 265 4023 ΠΕΡΣΛΙ.
