2717 4600
447 114 768 247 ι--ισῇω

111 352 202 423 oitur,
221 370 252 410 v.
268 342 312 411 45
336 371 354 409 a
380 344 587 417 Blomfielziio
615 356 737 433 injuria
755 347 887 434 Ἆρκεύς,
912 330 1027 434 quiin
1048 359 1148 438 Lydis

111 445 306 507 nurneretun
337 433 491 515 depulsus
518 447 579 498 est.
622 436 755 499 Seilicet
775 439 882 500 Sobel.
903 437 940 503 Α.
970 462 1044 500 cum
1067 463 1149 503 non·

110 519 211 579 nullis
229 518 505 599 moenibusque
523 520 722 581 editionibus
739 517 865 602 ιἈρκεὺς
886 533 1030 594 tuentur,
1048 547 1148 603 quam

107 605 1079 771 iiiiiiniii’ciii‘iy‘iissuiiiiiffiissiieuiimqm
1100 611 1148 669 ‘¹¹'
1219 617 1222 626 ’

163 818 167 825 “
190 840 222 880 v.
245 815 316 878 281.
363 817 541 898 Φαρνοῦχος
573 821 753 901 asyndeton
778 833 835 881 est.
876 820 1043 902 Asyndeta
1070 806 1147 888 iero

107 902 268 963 eiusmodi
291 902 385 973 ‚haud
413 925 484 971 raro
512 905 596 985 apud
627 902 825 983 Aeschylum
859 920 1040 992 occurrunt,
1067 932 1148 991 quo—

108 991 197 1045 niam
215 991 253 1045 in
274 1007 309 1046 re
330 991 419 1067 gravi
438 987 648 1059 describenda
672 989 751 1057 duas
772 1010 867 1056 voces
891 995 1009 1050 omissa
1031 994 1148 1073 copula

106 1081 301 1130 connectere
321 1071 429 1130 solent
448 1075 571 1149 tragici.
594 1072 689 1131 Confi
710 1072 820 1140 Herm·
844 1076 881 1138 itt
900 1071 1004 1137 Praef.
1027 1075 1068 1136 ad
1082 1077 1147 1136 Eu·

104 1159 166 1237 rip.
179 1154 330 1243 ¹Buce-has
351 1174 383 1233 p.
408 1150 560 1212 XXXIV.
856 1150 858 1152 ’

190 1273 349 1333 Venimus
370 1291 460 1333 nunc
472 1270 513 1329 ad
530 1271 641 1332 locum
659 1292 679 1332 a
699 1274 819 1331 criticis
838 1275 1071 1335 recentioribus
1089 1283 1149 1339 mi

106 1356 200 1416 rifiee
216 1366 387 1428 tentatum,
402 1339 583 1415 “turbatum
611 1366 644 1415 et
669 1356 912 1434 interpolatum.
956 1357 1075 1437 Neque
1100 1372 1148 1418 ta·

107 1460 186 1499 men
213 1439 363 1517 vulgatae
390 1443 565 1519 scripturae
600 1438 781 1518 quidquam
804 1442 901 1511 inest,
928 1442 1016 1518 quod
1042 1464 1148 1502 corru-

108 1524 216 1603 ptelae
241 1526 459 1601 suspicionem
482 1527 598 1584 merito
626 1527 763 1583 excitare
790 1527 901 1603 possit.
945 1525 1018 1604 Quo
1046 1533 1146 1606 magis

109 1626 182 1686 ergo
206 1607 264 1665 alii
282 1607 443 1686 vulgatam
461 1610 702 1688 impugnarunt,
723 1628 761 1667 eo
779 1607 930 1668 fortiores
948 1615 1020 1668 eius
1038 1616 1148 1692 cogni-

106 1701 193 1751 tores
212 1690 464 1769 defensoresque
482 1712 553 1753 esse
573 1691 739 1754 debemus.
751 1723 794 1736 -
837 1686 909 1750 Οἵδε
927 1687 1002 1760 ναὸς
1022 1690 1055 1750 ἐκ
1075 1695 1148 1771 μιᾶς

104 1771 207 1834 πέσον.
248 1775 657 1847 IteVictorius,.Stanleius
676 1775 906 1837 etSchuetrius
918 1773 946 1835 i.
965 1776 1074 1841 lecum
1096 1799 1146 1837 er·

104 1859 294 1928 hibuerunt‚
318 1857 466 1917 codicum
492 1871 527 1920 et
553 1860 714 1920 editorum
742 1860 900 1937 librorum
930 1860 1144 1939 plurimorum

102 1949 297 2003 auctoritate
315 1945 390 2003 nisi.
433 1944 516 2003 Nam
536 1965 595 2023 pro
623 1938 686 2002 οἵδε
713 1949 847 2005 nonnisi
869 1947 908 2001 in
926 1946 1019 2003 Cant.
1040 1945 1070 2004 2.
1103 1946 1144 2003 ab

103 2027 172 2085 alia
188 2048 301 2098 manu,
321 2028 428 2105 Mosq.
447 2027 535 2089 Med.
559 2029 596 2088 Β.
621 2038 654 2086 et
672 2026 755 2088 Rob.
780 2027 850 2100 οἵτε,
870 2030 912 2093 inn
927 2028 969 2086 H.
990 2030 1083 2089 Cant.
1114 2027 1142 2090 1.

100 2111 145 2169 H.
169 2110 204 2169 οἵ
217 2107 252 2187 γ’
270 2112 432 2190 leguntur.
476 2110 541 2172 Eas
565 2111 710 2178 voculas,
740 2114 869 2170 etiamst
893 2104 955 2167 οἵδε
984 2114 1020 2169 in
1050 2113 1142 2172 nullo

101 2195 309 2254 exhiberetur
327 2194 511 2273 exemplari,
531 2195 573 2253 ob
593 2195 660 2253 loci
680 2203 863 2252 contextum
887 2192 1055 2252 lenissima
1073 2217 1144 2253 mu·

100 2281 230 2338 tatione
252 2282 289 2336 in
310 2271 373 2338 οἵδε
384 2276 555 2337 mutandas
571 2299 652 2347 esse,
671 2297 768 2336 nemo
789 2286 839 2336 est
852 2279 911 2355 qui
929 2287 1032 2355 neget.
1054 2273 1143 2354 Νηὸς

100 2363 248 2443 produnt
268 2362 310 2421 H.
334 2359 465 2424 Genti.
490 2382 508 2421 a
529 2382 590 2420 sec.
609 2381 652 2421 m.
676 2372 710 2422 et
722 2362 833 2430 Turn,
853 2356 925 2427 νειὸς
948 2371 1057 2424 autem
1067 2357 1141 2423 Ald.

100 2457 138 2506 et
159 2447 243 2505 Rob.
285 2445 394 2505 Etiam
414 2444 470 2507 hic
492 2465 558 2522 qua
576 2447 735 2506 librorum
761 2464 915 2504 numerus
935 2448 1048 2522 major,
1078 2466 1144 2523 qua

98 2534 299 2610 tragicorum
320 2529 530 2602 consuetudo,
544 2545 618 2607 'qua
637 2539 776 2588 metrum
796 2523 869 2595 ναὸς
897 2528 1050 2608 postulat.
1102 2530 1145 2587 In

94 2612 197 2673 πέσον
222 2624 330 2673 eutem
359 2634 472 2673 omnes
502 2612 542 2672 ad
563 2633 667 2674 unum
690 2622 788 2673 testes
807 2616 1002 2691 conspirant
1044 2611 1085 2684 H
1108 2617 1144 2672 in

91 2720 142 2760 *eo
164 2700 264 2760 verbo
284 2717 361 2756 casu
380 2696 502 2756 factum
522 2717 602 2778 esse
614 2716 694 2758 num
716 2695 900 2756 credamusi¹
941 2693 1050 2773 Quid?
1070 2716 1145 2754 cum

96 2787 139 2842 in
161 2777 224 2841 οἵδε
246 2792 280 2842 et
298 2774 379 2854 ναός,
398 2782 516 2858 quibus
540 2781 679 2849 voculis,
705 2783 788 2856 quin
807 2789 923 2858 poetae
949 2798 1065 2838 manus
1086 2800 1145 2840 sua

96 2865 231 2926 reddita
253 2869 306 2935 sit,
327 2885 424 2924 nemo
444 2870 517 2944 jure
535 2864 672 2932 dubitat,
696 2864 887 2941 ambiguitas
906 2865 950 2920 sit
969 2882 1016 2921 ex⁴
1029 2881 1145 2922 monu-

95 2953 226 3025 meptis
248 2958 328 3017 orta,
346 2968 411 3025 quo
424 2948 561 3010 ‚tandem
574 2947 731 3008 miraculo
753 2946 877 3005 factum
899 2956 958 3015 est,
976 2955 1022 3018 ut,
1043 2967 1143 3025 quam

96 3033 227 3097 vocem.
244 3035 384 3112 turpiter
410 3023 662 3092 contaminatam
690 3031 907 3092 conclamant*
931 3032 1003 3089 aevi
1039 3033 1145 3089 nostri

97 3120 224 3184 critici,
245 3119 317 3174 sine
334 3115 403 3174 utra
431 3109 587 3176 varietate
609 3125 839 3178 conservarent
862 3114 987 3174 librarii
1007 3115 1144 3172 omnes?

93 3201 172 3264 Sed
190 3199 370 3268 videamus,
390 3198 471 3275 quid
488 3202 539 3271 sit,
559 3217 616 3258 cur
643 3201 748 3256 critici
767 3194 813 3263 ita
829 3196 1005 3266 haereant·
1024 3206 1057 3254 et
1076 3215 1142 3273 qua

94 3309 137 3347 re
157 3287 243 3344 moti
267 3281 308 3358 de
332 3284 531 3343 correctione
554 3285 737 3361 cogitarint.
756 3335 759 3338 e
778 3280 851 3342 Jam
871 3280 1051 3341 Bruncldus
1072 3297 1145 3339 sen·

93 3392 160 3431 eus
184 3368 395 3449 ambiguitate
414 3363 558 3426 offensus
579 3376 638 3425 est.
681 3366 796 3444 Neque
812 3367 921 3424 minus
944 3363 1089 3423 Schuetz.
1109 3360 1141 3423 ὃ.
1213 3399 1216 3402 >

95 3457 165 3534 qui
187 3452 368 3512 Hennanni
391 3455 625 3526 conjecturam:
655 3441 709 3524 ἡδὲ
728 3444 801 3516 ναὸς
820 3444 854 3507 ἐκ
875 3446 962 3528 {iccio
980 3441 1080 3505 πεσών
1106 3466 1144 3504 er

96 3534 212 3599 Praei.
240 3533 280 3594 ed
304 3531 417 3614 Eurip.
441 3533 522 3595 Heo.
545 3554 577 3612 p.
600 3533 704 3594 XXX.
734 3531 883 3612 cupidius
910 3533 1053 3610 arripuit.
1098 3525 1144 3591 At

97 3620 234 3681 nuliam
254 3619 496 3697 ambiguitatem
518 3637 688 3696 agnoscere
705 3634 885 3695 possumus,
907 3616 1062 3691 quonianr
1081 3606 1144 3672 οἵδε

96 3700 181 3773 ναὸς
211 3700 243 3761 ἐκ
266 3703 334 3779 μιᾶς
359 3698 455 3762 πέσον
471 3701 556 3762 nibil
582 3700 671 3760 aliud
699 3711 760 3769 est,
786 3718 887 3778 quam
904 3690 1082 3775 ἐνικήθησαν
1109 3692 1143 3754 ἐκ

96 3788 178 3867 μιᾶς
204 3781 274 3861 νηὸς
299 3787 360 3846 τῶν
380 3781 565 3861 Ἀθηναίων,
599 3805 666 3863 qua
692 3788 819 3846 ratione
853 3781 962 3841 locum
990 3780 1140 3859 explanat
1171 3788 1174 3796 “

98 3872 334 3954 grammaticus
366 3890 384 3929 a
412 3869 576 3930 Brunckio
612 3872 740 3944 citatus.
787 3866 915 3926 Iniuria*
939 3873 1047 3926 autem
1073 3865 1142 3944 opi-
