2717 4600
487 170 538 204 ,έ-
583 174 658 240 ⁴⁹⁰3
708 189 761 204 ..-

110 348 275 421 veritatem
303 366 519 409 numerorum.
574 341 620 405 At
656 347 811 406 severitas
837 352 916 402 num
939 327 1046 401 oertat
1071 350 1146 398 cum

110 429 261 494 audacia?
289 432 377 513 Quid
404 444 455 492 est
471 428 572 489 cttud
599 450 637 489 ea
655 435 813 491 severitas
838 444 936 506 quam
957 428 1095 505 gravitas
1114 432 1147 481 et

111 518 324 586 vehementia,
345 517 472 594 quibus
489 514 624 576 affectus
648 517 760 573 animi.
772 520 974 592 summepere
992 514 1075 569 moti
1097 528 1148 567 ex·

109 602 312 684 pumuntur?
332 602 456 660 Mirum
473 610 552 659 sane
569 599 665 669 toret,
684 600 743 658 ubi
761 602 897 658 maxime
916 604 1078 655 commota
1098 599 1149 651 est
1252 654 1254 659 ,
1315 592 1318 599 “

110 689 220 757 oratio,
240 685 331 766 leges
356 687 405 745 ibi
430 688 581 745 metricas
609 703 713 761 aeque
741 686 835 742 arctis
863 680 985 740 finibus
1014 682 1160 737 citeron·-

68 834 72 839 ,
110 774 240 850 scriptas
262 773 394 841 servari,
416 790 515 847 quam
536 770 595 828 ubi
616 766 727 839 sedata
748 777 781 826 et
803 770 914 845 quieta
935 777 993 837 est.
1039 762 1174 842 Quare.

109 852 333 915 vehementior
354 857 388 912 si'
402 852 442 913 fit
469 873 579 914 versus
607 852 766 910 iambicus
793 858 965 932 anapaesto
992 847 1147 910 adhibito,

110 959 217 1016 neque
243 943 272 998 is
296 959 366 1018 pes,
399 958 507 1015 neque
535 937 714 997 solutiones
742 933 959 997 excludendae
990 942 1081 992 erant
1107 924 1148 986 ab

110 1020 370 1081 usu'iamborum
389 1021 574 1100 lyricorum.
618 1020 700 1078 Nam
725 1022 906 1100 anapaestis
927 1016 1150 1079 vehementio-

109 1124 176 1165 rem
195 1118 228 1166 et
243 1109 422 1186 graviorem
437 1103 527 1162 effici
540 1104 636 1185 posse
648 1122 820 1161 numerum
833 1101 1002 1163 confessus
1018 1111 1067 1160 est
1079 1107 1149 1180 ipse

112 1192 325 1250 Hermannus.
355 1187 449 1246 Conf.
474 1197 541 1248 not.
557 1198 716 1267 'nostram
747 1187 786 1245 ad
815 1209 848 1248 v.
875 1179 948 1251 474.
978 1182 1051 1245 969.
1073 1177 1147 1244 985.

112 1275 253 1336 Consule
288 1270 387 1332 ctiam
420 1272 668 1332 Lachmannum
700 1273 753 1330 De
787 1271 874 1332 chor.
910 1281 987 1350 syst.
1018 1290 1051 1350 p.
1076 1260 1148 1327 104.

114 1361 205 1440 Quae
234 1376 308 1416 cnm
330 1361 378 1437 ita
398 1360 475 1428 sint,
497 1376 566 1416 non
585 1356 814 1428 dubitaremus,
836 1362 918 1434 quin
940 1352 1150 1434 anapaestum

112 1446 163 1503 in:
184 1437 344 1519 ὁμόπτεροι
365 1433 544 1509 κυανώπιδες
566 1460 820 1520 agnosceremus,
839 1445 905 1500 nisi
926 1441 1068 1499 obstaret
1080 1456 1151 1497 ver-

114 1546 166 1587 sus
191 1524 389 1605 strophicusz
416 1520 482 1598 γαῖ’
508 1523 609 1594 Ασιὰς
634 1521 834 1600 ἐκκενουμένα,
861 1530 908 1587 ita
930 1534 1054 1593 utnon
1075 1541 1152 1603 poe·

112 1621 178 1670 tam
200 1614 237 1669 in
258 1610 330 1668 loco
347 1605 458 1669 'nostro
482 1620 691 1690 anapaestum
714 1608 900 1669 adhibuisse
920 1607 1075 1677 credibile
1098 1606 1151 1670 sit.
1196 1608 1199 1613 ‘

115 1695 317 1776 Quapropter
339 1714 413 1751 cum
441 1698 606 1772 synizesin
634 1694 667 1754 h.
691 1694 714 1754 l.
746 1703 886 1753 statuere
905 1692 1066 1761 malimus,
1095 1710 1152 1750 vo·

113 1779 191 1837 calis
214 1798 232 1837 υ
252 1779 416 1855 synizesin
438 1799 688 1857 nonnumquam
720 1777 793 1837 fieri
820 1788 934 1836 notum
955 1786 1033 1857 est„
1056 1773 1149 1835 Conf.

112 1863 221 1922 Herm.
247 1866 285 1920 in
316 1860 420 1920 Elem.
450 1861 549 1923 doctr.
579 1874 671 1922 metr.
697 1884 729 1943 p.
754 1860 804 1922 53.
832 1873 865 1921 et
885 1866 922 1921 in
942 1861 1030 1942 Epit.
1053 1860 1151 1920 doctr.

111 1958 204 2007 metr.
225 1968 257 2028 p.
281 1938 332 2007 34.
377 1946 504 2025 Quibus
525 1951 710 2026 synizeseos
732 1947 884 2026 exemplis
907 1947 955 2003 ibi
977 1946 1083 2004 allatis
1103 1949 1153 2004 in·

111 2035 195 2091 iuria
227 2042 394 2110 exceptum
422 2042 472 2090 est
498 2032 582 2090 illud
610 2052 648 2089 er
675 2030 789 2109 Eurip.
819 2031 937 2088 Phoen
970 2026 1060 2095 1327.
1087 2029 1151 2107 (ed.

110 2113 214 2192 Pers.)
255 2115 338 2173 Nam
360 2119 397 2173 in
418 2113 551 2195 stropha
571 2106 701 2190 ἰακχήσω
730 2123 842 2172 contra
867 2113 1024 2171 librorum
1045 2125 1153 2173 aucto·

110 2203 240 2258 ritatem
259 2201 414 2278 scriptum
437 2207 495 2256 est.
539 2196 641 2276 Vulgo
666 2189 782 2273 ἰαχήσω
809 2197 934 2274 legitur,
963 2197 1052 2274 quod
1078 2202 1154 2256 reti-

111 2282 269 2343 nendum.
312 2281 443 2342 Deinde
462 2281 550 2343 male
568 2280 650 2340 haec
667 2281 733 2340 sibi
749 2280 961 2362 respondent:

348 2381 403 2447 dlb
428 2421 469 2433 -
490 2408 576 2466 μενον
596 2382 737 2467 inspico).

441 2467 534 2532 ’ἕνεκ’
554 2467 727 2554 Ἐριννύων.

112 2583 195 2660 Nam
223 2582 406 2665 penultima
440 2577 583 2641 dochmii
617 2603 686 2642 nou
718 2602 777 2663 pro
806 2579 914 2639 lubitu
950 2601 1066 2662 anceps
1097 2592 1154 2656 est,

112 2667 379 2747 quandoquidem
409 2687 476 2725 non
498 2663 586 2728 idem
620 2677 670 2726 est
693 2686 816 2735 versus,
851 2667 909 2745 qui
938 2666 1154 2745 penultimam

111 2753 244 2812 brevem
274 2772 311 2810 ac
339 2752 397 2830 qui
422 2751 551 2834 longam
577 2746 686 2815 habet.
728 2749 810 2809 Inde
836 2747 916 2809 licet
942 2754 978 2808 in
998 2749 1154 2831 Euripide

111 2834 194 2894 tales
222 2837 449 2916 responsiones
477 2846 662 2904 occurrant,
702 2856 770 2894 non
798 2833 1018 2894 obtrudendae
1044 2846 1155 2894 tamen

112 2928 192 2977 sunt
211 2929 335 2998 poetae.
379 2915 487 2996 Quare
506 2918 615 2978 locum
638 2915 684 2980 sio
705 2939 780 2979 cum
800 2917 943 2982 Porsono
961 2920 1113 2999 legimus:

264 3008 393 3094 πότερον
411 3011 472 3091 ἄρα
494 3010 577 3075 νέκυν
593 3009 740 3113 diriperet
760 2999 897 3094 tamon.

850 3095 858 3115 2

265 3094 406 3176 ἄποτμος
432 3095 568 3212 duorpcc
588 3117 614 3211 ⁰!
627 3093 721 3174 φόνος
742 3097 833 3159 ἕνεκεν
855 3093 1018 3181 Εριννὺων.

320 3176 331 3211 Ι
402 3176 412 3209 l
688 3178 699 3214 Ι,
794 3179 805 3212 Ι

200 3218 289 3256 ’,μ
313 3211 453 3250 υυ“υν
478 3219 534 3250 vu
559 3219 654 3250 νυν
677 3222 841 3248 ννννν

111 3286 252 3348 Accedit
275 3286 364 3365 quod
388 3285 480 3347 iberas
500 3289 605 3348 multo
635 3293 824 3367 exquisitior
844 3301 893 3351 est
917 3292 1026 3362 lectio,
1048 3313 1154 3370 ‚quam

113 3374 218 3433 altera
245 3366 331 3444 ἕνεκ’,
357 3392 444 3449 quae
466 3375 699 3432 correctionem
725 3374 859 3434 reddere
893 3377 1043 3436 ridetur.v
1080 3378 1155 3458 Ipse

111 3462 214 3538 igitur
234 3455 399 3517 Seidlerus
417 3477 492 3516 cum
513 3458 691 3538 Personam
713 3458 800 3518 adh.
822 3460 844 3517 l.
864 3465 1041 3540 castigaret,
1066 3483 1084 3520 a
1107 3483 1156 3520 re·

112 3554 167 3602 cta
189 3544 243 3603 via
266 3541 434 3604 aberravit
480 3541 564 3602 Vide
591 3543 741 3602 De-rers.
768 3542 894 3602 doehm.
919 3565 950 3623 p.
970 3538 1021 3603 tt.
1066 3548 1156 3604 iniu-

111 3626 352 3686 riafieidlerum
362 3625 530 3705 lscquutus
543 3625 601 3686 est
613 3624 822 3696 Matthiaeus,
844 3637 877 3685 et
886 3628 995 3689 Herm.
1020 3628 1060 3689 ad
1075 3630 1154 3689 Oed.

113 3711 192 3789 Tyr·
209 3732 241 3773 ν.
264 3707 342 3770 639..
383 3710 501 3789 ltaque
523 3730 564 3768 να
584 3714 622 3769 in
647 3729 751 3769 uuum
776 3711 956 3772 coalescere
982 3733 1077 3793 posse
1105 3731 1155 3773 so-

114 3813 295 3872 num-non
316 3795 476 3873 estquod
498 3793 692 3854 dubitemus.
735 3795 855 3855 Verum
884 3816 955 3855 raro
974 3795 1056 3857 dua'e
1077 3799 1155 3858 ‹bre-

111 3895 174 3940 τοι
194 3878 324 3941 vocales
343 3898 401 3961 per
420 3879 683 3962 synecpbonesin
707 3884 902 3959 conjunctae
922 3886 1152 3964 corripiuntur,
