<?xml version="1.0" encoding="UTF-8"?>
<!DOCTYPE html PUBLIC "-//W3C//DTD XHTML 1.0 Transitional//EN"
    "http://www.w3.org/TR/xhtml1/DTD/xhtml1-transitional.dtd">
<html xmlns="http://www.w3.org/1999/xhtml" xml:lang="en" lang="en">
 <head>
  <title>
</title>
<meta http-equiv="Content-Type" content="text/html;charset=utf-8" />
  <meta name='ocr-system' content='tesseract 3.04.00' />
  <meta name='ocr-capabilities' content='ocr_page ocr_carea ocr_par ocr_line ocrx_word'/>
</head>
<body>
  <div class='ocr_page' id='page_1' title='image "./persaeadfidemli00pinzgoog_0014.png"; bbox 0 0 2717 4600; ppageno 0'>
   <div class='ocr_carea' id='block_1_1' title="bbox 603 207 825 258">
    <p class='ocr_par' dir='ltr' id='par_1_1' title="bbox 603 207 825 258">
     <span class='ocr_line' id='line_1_1' title="bbox 603 207 825 258; baseline 0.009 -16"><span class='ocrx_word' id='word_1_1' title='bbox 603 207 825 258; x_wconf 53' lang='lat' dir='ltr'><strong>ent-xasa</strong></span> 
     </span>
    </p>
   </div>
   <div class='ocr_carea' id='block_1_2' title="bbox 186 364 1265 1301">
    <p class='ocr_par' dir='ltr' id='par_1_2' title="bbox 231 364 1228 459">
     <span class='ocr_line' id='line_1_2' title="bbox 231 364 1228 459; baseline 0.01 -16"><span class='ocrx_word' id='word_1_2' title='bbox 231 378 307 444; x_wconf 88' lang='lat' dir='ltr'><strong>tilus</strong></span> <span class='ocrx_word' id='word_1_3' title='bbox 333 389 383 443; x_wconf 84' lang='lat' dir='ltr'><strong>est</strong></span> <span class='ocrx_word' id='word_1_4' title='bbox 409 369 445 444; x_wconf 89' lang='lat' dir='ltr'><strong>in</strong></span> <span class='ocrx_word' id='word_1_5' title='bbox 456 379 532 443; x_wconf 86' lang='lat' dir='ltr'><strong>line</strong></span> <span class='ocrx_word' id='word_1_6' title='bbox 556 364 748 459; x_wconf 68' lang='lat' dir='ltr'><strong>Persarum,</strong></span> <span class='ocrx_word' id='word_1_7' title='bbox 772 380 893 447; x_wconf 76' lang='lat' dir='ltr'><strong>decinit</strong></span> <span class='ocrx_word' id='word_1_8' title='bbox 920 382 1010 448; x_wconf 90' lang='lat' dir='ltr'><strong>enim</strong></span> <span class='ocrx_word' id='word_1_9' title='bbox 1037 384 1073 451; x_wconf 88' lang='lat' dir='ltr'><strong>in</strong></span> <span class='ocrx_word' id='word_1_10' title='bbox 1099 411 1130 451; x_wconf 83' lang='lat' dir='ltr'><strong>v.</strong></span> <span class='ocrx_word' id='word_1_11' title='bbox 1154 383 1228 452; x_wconf 66' lang='lat'><strong>995:</strong></span> 
     </span>
    </p>

    <p class='ocr_par' dir='ltr' id='par_1_3' title="bbox 230 497 713 566">
     <span class='ocr_line' id='line_1_3' title="bbox 230 497 713 566; baseline 0.014 -28"><span class='ocrx_word' id='word_1_12' title='bbox 230 497 342 566; x_wconf 60' lang='lat' dir='ltr'><strong>ed</strong></span> <span class='ocrx_word' id='word_1_13' title='bbox 573 534 598 555; x_wconf 56' lang='lat'><strong>‚.</strong></span> <span class='ocrx_word' id='word_1_14' title='bbox 644 538 647 541; x_wconf 83' lang='lat'><em>.</em></span> <span class='ocrx_word' id='word_1_15' title='bbox 711 538 713 545; x_wconf 30' lang='lat' dir='ltr'><em>s</em></span> 
     </span>
    </p>

    <p class='ocr_par' dir='ltr' id='par_1_4' title="bbox 186 602 1265 689">
     <span class='ocr_line' id='line_1_4' title="bbox 186 602 1265 689; baseline 0.011 -11"><span class='ocrx_word' id='word_1_16' title='bbox 186 617 240 679; x_wconf 81' lang='lat' dir='ltr'><strong>xl.</strong></span> <span class='ocrx_word' id='word_1_17' title='bbox 289 602 725 686; x_wconf 74' lang='lat' dir='ltr'><em>CANTABRIGIENSIS</em></span> <span class='ocrx_word' id='word_1_18' title='bbox 751 624 1030 688; x_wconf 79' lang='lat' dir='ltr'><strong><em>POSTERIOR</em></strong></span> <span class='ocrx_word' id='word_1_19' title='bbox 1063 645 1088 687; x_wconf 87' lang='lat' dir='ltr'><strong>s</strong></span> <span class='ocrx_word' id='word_1_20' title='bbox 1115 627 1265 689; x_wconf 72' lang='grc' dir='ltr'><em>ΜΕΛ-</em></span> 
     </span>
    </p>

    <p class='ocr_par' dir='ltr' id='par_1_5' title="bbox 223 734 1247 1180">
     <span class='ocr_line' id='line_1_5' title="bbox 226 734 1228 820; baseline 0.008 -21"><span class='ocrx_word' id='word_1_21' title='bbox 226 736 416 803; x_wconf 85' lang='lat' dir='ltr'><em>DIANUS</em></span> <span class='ocrx_word' id='word_1_22' title='bbox 435 738 604 803; x_wconf 85' lang='lat' dir='ltr'><em>ALTER.</em></span> <span class='ocrx_word' id='word_1_23' title='bbox 630 734 844 818; x_wconf 85' lang='lat' dir='ltr'><strong>Chartaceus,</strong></span> <span class='ocrx_word' id='word_1_24' title='bbox 873 741 1025 820; x_wconf 82' lang='lat' dir='ltr'><strong>ejusdem</strong></span> <span class='ocrx_word' id='word_1_25' title='bbox 1050 740 1228 808; x_wconf 84' lang='lat' dir='ltr'><strong>voluminis</strong></span> 
     </span>
     <span class='ocr_line' id='line_1_6' title="bbox 227 842 1247 943; baseline 0.007 -26"><span class='ocrx_word' id='word_1_26' title='bbox 227 864 327 940; x_wconf 87' lang='lat' dir='ltr'><strong>atque</strong></span> <span class='ocrx_word' id='word_1_27' title='bbox 345 856 555 943; x_wconf 83' lang='lat' dir='ltr'><strong>praecedens,</strong></span> <span class='ocrx_word' id='word_1_28' title='bbox 579 854 699 920; x_wconf 88' lang='lat' dir='ltr'><strong>saeculi</strong></span> <span class='ocrx_word' id='word_1_29' title='bbox 720 842 809 922; x_wconf 74' lang='grc' dir='ltr'><strong>ΧΠ.</strong></span> <span class='ocrx_word' id='word_1_30' title='bbox 831 858 883 922; x_wconf 84' lang='lat' dir='ltr'><strong>vel</strong></span> <span class='ocrx_word' id='word_1_31' title='bbox 900 860 972 926; x_wconf 86' lang='lat' dir='ltr'><strong>XV.</strong></span> <span class='ocrx_word' id='word_1_32' title='bbox 1013 859 1092 924; x_wconf 78' lang='lat' dir='ltr'><strong>Fuit</strong></span> <span class='ocrx_word' id='word_1_33' title='bbox 1108 860 1226 923; x_wconf 86' lang='lat' dir='ltr'><strong>itidem</strong></span> <span class='ocrx_word' id='word_1_34' title='bbox 1243 857 1247 867; x_wconf 58' lang='lat'><strong>¹</strong></span> 
     </span>
     <span class='ocr_line' id='line_1_7' title="bbox 223 957 1228 1064; baseline 0.004 -28"><span class='ocrx_word' id='word_1_35' title='bbox 223 970 355 1050; x_wconf 73' lang='lat' dir='ltr'><strong>Meam,</strong></span> <span class='ocrx_word' id='word_1_36' title='bbox 379 984 428 1038; x_wconf 71' lang='lat' dir='ltr'><strong>ast</strong></span> <span class='ocrx_word' id='word_1_37' title='bbox 447 957 678 1038; x_wconf 62' lang='lat' dir='ltr'><strong>rasinianae</strong></span> <span class='ocrx_word' id='word_1_38' title='bbox 703 976 913 1042; x_wconf 67' lang='lat' dir='ltr'>academicae</span> <span class='ocrx_word' id='word_1_39' title='bbox 935 976 1228 1064; x_wconf 67' lang='lat' dir='ltr'><strong>oamaerigeaan</strong></span> 
     </span>
     <span class='ocr_line' id='line_1_8' title="bbox 223 1072 1224 1180; baseline 0.005 -25"><span class='ocrx_word' id='word_1_40' title='bbox 223 1088 386 1156; x_wconf 81' lang='lat' dir='ltr'><strong>Continet</strong></span> <span class='ocrx_word' id='word_1_41' title='bbox 412 1072 663 1170; x_wconf 85' lang='lat' dir='ltr'><strong>Prometheum,</strong></span> <span class='ocrx_word' id='word_1_42' title='bbox 692 1092 839 1180; x_wconf 84' lang='lat' dir='ltr'><strong>Septem,</strong></span> <span class='ocrx_word' id='word_1_43' title='bbox 866 1096 992 1160; x_wconf 88' lang='lat' dir='ltr'><strong>Persas.</strong></span> <span class='ocrx_word' id='word_1_44' title='bbox 1014 1094 1224 1162; x_wconf 47' lang='lat' dir='ltr'><strong>‘Observan-</strong></span> 
     </span>
    </p>

    <p class='ocr_par' dir='ltr' id='par_1_6' title="bbox 221 1204 1223 1301">
     <span class='ocr_line' id='line_1_9' title="bbox 221 1204 1223 1301; baseline 0.003 -28"><span class='ocrx_word' id='word_1_45' title='bbox 221 1220 278 1273; x_wconf 90' lang='lat' dir='ltr'><strong>tur</strong></span> <span class='ocrx_word' id='word_1_46' title='bbox 303 1209 339 1273; x_wconf 91' lang='lat' dir='ltr'><strong>in</strong></span> <span class='ocrx_word' id='word_1_47' title='bbox 369 1231 409 1273; x_wconf 92' lang='lat' dir='ltr'><strong>eo</strong></span> <span class='ocrx_word' id='word_1_48' title='bbox 430 1208 555 1296; x_wconf 77' lang='lat' dir='ltr'>glossae</span> <span class='ocrx_word' id='word_1_49' title='bbox 577 1208 803 1276; x_wconf 83' lang='lat' dir='ltr'>interlineares</span> <span class='ocrx_word' id='word_1_50' title='bbox 830 1236 848 1277; x_wconf 89' lang='lat' dir='ltr'><strong>a</strong></span> <span class='ocrx_word' id='word_1_51' title='bbox 876 1213 986 1301; x_wconf 89' lang='lat' dir='ltr'><strong>prima</strong></span> <span class='ocrx_word' id='word_1_52' title='bbox 1006 1204 1121 1276; x_wconf 83' lang='lat' dir='ltr'><strong>manu.</strong></span> <span class='ocrx_word' id='word_1_53' title='bbox 1162 1210 1223 1278; x_wconf 81' lang='lat' dir='ltr'><strong>Su-</strong></span> 
     </span>
    </p>
   </div>
   <div class='ocr_carea' id='block_1_3' title="bbox 187 1318 1223 1419">
    <p class='ocr_par' dir='ltr' id='par_1_7' title="bbox 187 1318 1223 1419">
     <span class='ocr_line' id='line_1_10' title="bbox 187 1318 1223 1419; baseline 0.002 -29"><span class='ocrx_word' id='word_1_54' title='bbox 187 1335 193 1339; x_wconf 82' lang='lat'>&#39;</span> <span class='ocrx_word' id='word_1_55' title='bbox 221 1328 426 1417; x_wconf 81' lang='lat' dir='ltr'><strong>prescriptos</strong></span> <span class='ocrx_word' id='word_1_56' title='bbox 453 1318 502 1391; x_wconf 86' lang='lat' dir='ltr'><strong>est</strong></span> <span class='ocrx_word' id='word_1_57' title='bbox 524 1326 647 1415; x_wconf 88' lang='lat' dir='ltr'><strong>passim</strong></span> <span class='ocrx_word' id='word_1_58' title='bbox 680 1349 698 1391; x_wconf 86' lang='lat' dir='ltr'><strong>a</strong></span> <span class='ocrx_word' id='word_1_59' title='bbox 724 1329 851 1394; x_wconf 78' lang='lat' dir='ltr'><strong>recenti</strong></span> <span class='ocrx_word' id='word_1_60' title='bbox 879 1354 992 1410; x_wconf 86' lang='lat' dir='ltr'><strong>manu,</strong></span> <span class='ocrx_word' id='word_1_61' title='bbox 1024 1331 1223 1419; x_wconf 88' lang='lat' dir='ltr'><strong>plerumque</strong></span> 
     </span>
    </p>
   </div>
   <div class='ocr_carea' id='block_1_4' title="bbox 128 1432 1286 3538">
    <p class='ocr_par' dir='ltr' id='par_1_8' title="bbox 220 1432 1222 1532">
     <span class='ocr_line' id='line_1_11' title="bbox 220 1432 1222 1532; baseline 0.002 -24"><span class='ocrx_word' id='word_1_62' title='bbox 220 1468 324 1523; x_wconf 88' lang='lat' dir='ltr'><strong>eraso,</strong></span> <span class='ocrx_word' id='word_1_63' title='bbox 344 1445 436 1532; x_wconf 90' lang='lat' dir='ltr'><strong>quod</strong></span> <span class='ocrx_word' id='word_1_64' title='bbox 458 1443 549 1531; x_wconf 90' lang='lat' dir='ltr'><strong>prius</strong></span> <span class='ocrx_word' id='word_1_65' title='bbox 569 1444 733 1532; x_wconf 86' lang='lat' dir='ltr'><strong>scripturn</strong></span> <span class='ocrx_word' id='word_1_66' title='bbox 745 1432 891 1511; x_wconf 54' lang='lat' dir='ltr'><strong>tuerat(</strong></span> <span class='ocrx_word' id='word_1_67' title='bbox 915 1448 983 1513; x_wconf 88' lang='lat' dir='ltr'><strong>Sed</strong></span> <span class='ocrx_word' id='word_1_68' title='bbox 998 1448 1222 1514; x_wconf 80' lang='lat' dir='ltr'><strong>correctiones</strong></span> 
     </span>
    </p>

    <p class='ocr_par' dir='ltr' id='par_1_9' title="bbox 222 1552 1221 1672">
     <span class='ocr_line' id='line_1_12' title="bbox 222 1552 1221 1672; baseline -0.002 -43"><span class='ocrx_word' id='word_1_69' title='bbox 222 1564 303 1629; x_wconf 90' lang='lat' dir='ltr'><strong>istae</strong></span> <span class='ocrx_word' id='word_1_70' title='bbox 325 1586 343 1626; x_wconf 87' lang='lat' dir='ltr'><strong>a</strong></span> <span class='ocrx_word' id='word_1_71' title='bbox 367 1562 484 1627; x_wconf 90' lang='lat' dir='ltr'><strong>codice</strong></span> <span class='ocrx_word' id='word_1_72' title='bbox 503 1562 615 1627; x_wconf 83' lang='lat' dir='ltr'><strong>bonae</strong></span> <span class='ocrx_word' id='word_1_73' title='bbox 636 1573 737 1626; x_wconf 89' lang='lat' dir='ltr'><strong>notae</strong></span> <span class='ocrx_word' id='word_1_74' title='bbox 760 1562 944 1672; x_wconf 78' lang='lat' dir='ltr'><strong>descriptae</strong></span> <span class='ocrx_word' id='word_1_75' title='bbox 965 1552 1129 1643; x_wconf 65' lang='lat' dir='ltr'><strong>uidentur,</strong></span> <span class='ocrx_word' id='word_1_76' title='bbox 1154 1563 1221 1652; x_wconf 87' lang='lat' dir='ltr'><strong>ple·</strong></span> 
     </span>
    </p>

    <p class='ocr_par' dir='ltr' id='par_1_10' title="bbox 220 1674 1220 1887">
     <span class='ocr_line' id='line_1_13' title="bbox 220 1674 1220 1769; baseline -0.002 -23"><span class='ocrx_word' id='word_1_77' title='bbox 220 1704 363 1769; x_wconf 88' lang='lat' dir='ltr'><strong>rumque</strong></span> <span class='ocrx_word' id='word_1_78' title='bbox 386 1700 404 1744; x_wconf 85' lang='lat' dir='ltr'><strong>a</strong></span> <span class='ocrx_word' id='word_1_79' title='bbox 426 1676 526 1745; x_wconf 84' lang='lat' dir='ltr'><strong>Cant</strong></span> <span class='ocrx_word' id='word_1_80' title='bbox 550 1674 579 1743; x_wconf 93' lang='grc'><strong>1.</strong></span> <span class='ocrx_word' id='word_1_81' title='bbox 619 1678 769 1745; x_wconf 82' lang='lat' dir='ltr'><strong>Collatus</strong></span> <span class='ocrx_word' id='word_1_82' title='bbox 795 1693 844 1747; x_wconf 87' lang='lat' dir='ltr'><strong>cst</strong></span> <span class='ocrx_word' id='word_1_83' title='bbox 869 1705 888 1747; x_wconf 88' lang='lat' dir='ltr'><strong>a</strong></span> <span class='ocrx_word' id='word_1_84' title='bbox 909 1682 1056 1761; x_wconf 85' lang='lat' dir='ltr'><strong>Butlero,</strong></span> <span class='ocrx_word' id='word_1_85' title='bbox 1086 1682 1149 1765; x_wconf 85' lang='lat' dir='ltr'><strong>cui,</strong></span> <span class='ocrx_word' id='word_1_86' title='bbox 1181 1692 1220 1745; x_wconf 90' lang='lat' dir='ltr'><strong>ut</strong></span> 
     </span>
     <span class='ocr_line' id='line_1_14' title="bbox 220 1796 1217 1897; baseline -0.001 -32"><span class='ocrx_word' id='word_1_87' title='bbox 220 1800 318 1865; x_wconf 89' lang='lat' dir='ltr'><strong>nobis</strong></span> <span class='ocrx_word' id='word_1_88' title='bbox 318 1820 485 1897; x_wconf 74' lang='lat' dir='ltr'><strong>quoque,</strong></span> <span class='ocrx_word' id='word_1_89' title='bbox 517 1796 675 1877; x_wconf 85' lang='lat' dir='ltr'><strong>dicitur,</strong></span> <span class='ocrx_word' id='word_1_90' title='bbox 678 1801 876 1876; x_wconf 80' lang='lat' dir='ltr'><strong>,.Gant2“</strong></span> <span class='ocrx_word' id='word_1_91' title='bbox 901 1811 936 1865; x_wconf 90' lang='lat' dir='ltr'><strong>et</strong></span> <span class='ocrx_word' id='word_1_92' title='bbox 966 1798 1217 1866; x_wconf 89' lang='lat' dir='ltr'><strong>aBlomfieldio</strong></span> 
     </span>
    </p>

    <p class='ocr_par' dir='ltr' id='par_1_11' title="bbox 128 1916 758 2007">
     <span class='ocr_line' id='line_1_15' title="bbox 128 1916 758 2007; baseline -0.005 -25"><span class='ocrx_word' id='word_1_93' title='bbox 128 1944 134 1949; x_wconf 90' lang='lat'><strong>·</strong></span> <span class='ocrx_word' id='word_1_94' title='bbox 217 1917 482 2007; x_wconf 87' lang='lat' dir='ltr'><strong>quihacnota,</strong></span> <span class='ocrx_word' id='word_1_95' title='bbox 484 1916 623 1995; x_wconf 84' lang='lat' dir='ltr'><strong>‚..“M2</strong></span> <span class='ocrx_word' id='word_1_96' title='bbox 646 1917 758 1981; x_wconf 88' lang='lat' dir='ltr'><strong>utitur.</strong></span> 
     </span>
    </p>

    <p class='ocr_par' dir='ltr' id='par_1_12' title="bbox 131 2006 1286 2456">
     <span class='ocr_line' id='line_1_16' title="bbox 131 2006 1286 2105; baseline -0.005 -1"><span class='ocrx_word' id='word_1_97' title='bbox 131 2060 135 2064; x_wconf 84' lang='grc'><em>·</em></span> <span class='ocrx_word' id='word_1_98' title='bbox 175 2040 247 2104; x_wconf 85' lang='lat' dir='ltr'><strong>xu</strong></span> <span class='ocrx_word' id='word_1_99' title='bbox 294 2036 628 2103; x_wconf 71' lang='lat' dir='ltr'><strong>excusanaas</strong></span> <span class='ocrx_word' id='word_1_100' title='bbox 619 2034 685 2099; x_wconf 77' lang='lat' dir='ltr'><strong>aiva</strong></span> <span class='ocrx_word' id='word_1_101' title='bbox 706 2006 1058 2105; x_wconf 60' lang='lat' dir='ltr'><strong>astronomum</strong></span> <span class='ocrx_word' id='word_1_102' title='bbox 1100 2034 1217 2100; x_wconf 73' lang='lat' dir='ltr'><strong>cauea</strong></span> <span class='ocrx_word' id='word_1_103' title='bbox 1282 2019 1286 2025; x_wconf 80' lang='grc'><strong>’</strong></span> 
     </span>
     <span class='ocr_line' id='line_1_17' title="bbox 214 2151 1216 2224; baseline -0.004 -5"><span class='ocrx_word' id='word_1_104' title='bbox 214 2154 317 2220; x_wconf 90' lang='lat' dir='ltr'><strong>biblio</strong></span> <span class='ocrx_word' id='word_1_105' title='bbox 321 2154 438 2219; x_wconf 89' lang='lat' dir='ltr'><strong>thecae</strong></span> <span class='ocrx_word' id='word_1_106' title='bbox 459 2151 661 2218; x_wconf 85' lang='lat' dir='ltr'><strong>Bodleianae</strong></span> <span class='ocrx_word' id='word_1_107' title='bbox 683 2152 879 2219; x_wconf 85' lang='lat' dir='ltr'><strong>Oxoniensis</strong></span> <span class='ocrx_word' id='word_1_108' title='bbox 905 2156 973 2224; x_wconf 90' lang='lat' dir='ltr'><strong>No.</strong></span> <span class='ocrx_word' id='word_1_109' title='bbox 994 2156 1067 2220; x_wconf 82' lang='lat'><strong>231.</strong></span> <span class='ocrx_word' id='word_1_110' title='bbox 1108 2152 1216 2219; x_wconf 88' lang='lat' dir='ltr'><strong>Colla-</strong></span> 
     </span>
     <span class='ocr_line' id='line_1_18' title="bbox 213 2270 1211 2365; baseline -0.004 -27"><span class='ocrx_word' id='word_1_111' title='bbox 213 2283 267 2338; x_wconf 88' lang='lat' dir='ltr'><strong>tus</strong></span> <span class='ocrx_word' id='word_1_112' title='bbox 293 2283 342 2337; x_wconf 90' lang='lat' dir='ltr'><strong>est</strong></span> <span class='ocrx_word' id='word_1_113' title='bbox 368 2270 569 2365; x_wconf 82' lang='lat' dir='ltr'><strong>aStanlei03</strong></span> <span class='ocrx_word' id='word_1_114' title='bbox 597 2293 662 2361; x_wconf 89' lang='lat' dir='ltr'><strong>qua</strong></span> <span class='ocrx_word' id='word_1_115' title='bbox 684 2272 861 2338; x_wconf 84' lang='lat' dir='ltr'><strong>collatione</strong></span> <span class='ocrx_word' id='word_1_116' title='bbox 882 2297 959 2339; x_wconf 87' lang='lat' dir='ltr'><strong>usus</strong></span> <span class='ocrx_word' id='word_1_117' title='bbox 980 2283 1030 2339; x_wconf 91' lang='lat' dir='ltr'><strong>est</strong></span> <span class='ocrx_word' id='word_1_118' title='bbox 1048 2272 1211 2337; x_wconf 86' lang='lat' dir='ltr'><strong>Butlerus.</strong></span> 
     </span>
     <span class='ocr_line' id='line_1_19' title="bbox 213 2389 1170 2456; baseline -0.002 0"><span class='ocrx_word' id='word_1_119' title='bbox 213 2389 404 2456; x_wconf 90' lang='lat' dir='ltr'><strong>Pleniorem</strong></span> <span class='ocrx_word' id='word_1_120' title='bbox 425 2413 463 2453; x_wconf 90' lang='lat' dir='ltr'><strong>ex</strong></span> <span class='ocrx_word' id='word_1_121' title='bbox 480 2389 626 2454; x_wconf 86' lang='lat' dir='ltr'><strong>Porsoni</strong></span> <span class='ocrx_word' id='word_1_122' title='bbox 643 2390 772 2454; x_wconf 90' lang='lat' dir='ltr'><strong>schedis</strong></span> <span class='ocrx_word' id='word_1_123' title='bbox 793 2392 912 2455; x_wconf 91' lang='lat' dir='ltr'><strong>habuit</strong></span> <span class='ocrx_word' id='word_1_124' title='bbox 932 2390 1170 2456; x_wconf 86' lang='lat' dir='ltr'><strong>Blomficldius.</strong></span> 
     </span>
    </p>

    <p class='ocr_par' dir='ltr' id='par_1_13' title="bbox 171 2502 1272 3301">
     <span class='ocr_line' id='line_1_20' title="bbox 171 2502 1236 2599; baseline -0.003 -25"><span class='ocrx_word' id='word_1_125' title='bbox 171 2509 257 2574; x_wconf 81' lang='lat' dir='ltr'><strong>Xlll.</strong></span> <span class='ocrx_word' id='word_1_126' title='bbox 296 2509 574 2599; x_wconf 78' lang='lat' dir='ltr'><strong><em>LIPSIENSIS.</em></strong></span> <span class='ocrx_word' id='word_1_127' title='bbox 607 2502 727 2569; x_wconf 81' lang='lat' dir='ltr'><strong>Codex</strong></span> <span class='ocrx_word' id='word_1_128' title='bbox 754 2505 790 2569; x_wconf 92' lang='lat' dir='ltr'><strong>in</strong></span> <span class='ocrx_word' id='word_1_129' title='bbox 818 2505 1021 2573; x_wconf 88' lang='lat' dir='ltr'><strong>bibliotheca</strong></span> <span class='ocrx_word' id='word_1_130' title='bbox 1047 2508 1236 2592; x_wconf 77' lang='lat' dir='ltr'><strong>senatoria</strong></span> 
     </span>
     <span class='ocr_line' id='line_1_21' title="bbox 210 2617 1272 2712; baseline -0.002 -21"><span class='ocrx_word' id='word_1_131' title='bbox 210 2625 403 2691; x_wconf 83' lang='lat' dir='ltr'><strong>academiae</strong></span> <span class='ocrx_word' id='word_1_132' title='bbox 416 2620 601 2710; x_wconf 86' lang='lat' dir='ltr'><strong>Lipsiensis,</strong></span> <span class='ocrx_word' id='word_1_133' title='bbox 616 2619 791 2686; x_wconf 89' lang='lat' dir='ltr'><strong>continens</strong></span> <span class='ocrx_word' id='word_1_134' title='bbox 806 2623 1057 2703; x_wconf 86' lang='lat' dir='ltr'><strong>Prometheum,</strong></span> <span class='ocrx_word' id='word_1_135' title='bbox 1075 2617 1212 2712; x_wconf 80' lang='lat' dir='ltr'><strong>Septem</strong></span> <span class='ocrx_word' id='word_1_136' title='bbox 1264 2655 1272 2668; x_wconf 90' lang='lat'><em>·</em></span> 
     </span>
     <span class='ocr_line' id='line_1_22' title="bbox 212 2734 1209 2818; baseline -0.003 -9"><span class='ocrx_word' id='word_1_137' title='bbox 212 2754 330 2810; x_wconf 89' lang='lat' dir='ltr'><strong>contra</strong></span> <span class='ocrx_word' id='word_1_138' title='bbox 357 2734 507 2818; x_wconf 79' lang='lat' dir='ltr'><strong>Thebas,</strong></span> <span class='ocrx_word' id='word_1_139' title='bbox 542 2735 666 2803; x_wconf 84' lang='lat' dir='ltr'><strong>Persas.</strong></span> <span class='ocrx_word' id='word_1_140' title='bbox 710 2737 860 2805; x_wconf 88' lang='lat' dir='ltr'><strong>Collatus</strong></span> <span class='ocrx_word' id='word_1_141' title='bbox 897 2747 947 2806; x_wconf 87' lang='lat' dir='ltr'><strong>est</strong></span> <span class='ocrx_word' id='word_1_142' title='bbox 970 2742 1012 2806; x_wconf 86' lang='lat' dir='ltr'><strong>ab</strong></span> <span class='ocrx_word' id='word_1_143' title='bbox 1039 2741 1209 2808; x_wconf 72' lang='lat' dir='ltr'><strong>Askereio.</strong></span> 
     </span>
     <span class='ocr_line' id='line_1_23' title="bbox 208 2853 1210 2958; baseline 0 -33"><span class='ocrx_word' id='word_1_144' title='bbox 208 2860 402 2925; x_wconf 89' lang='lat' dir='ltr'><strong>Pleniorem</strong></span> <span class='ocrx_word' id='word_1_145' title='bbox 432 2854 647 2923; x_wconf 89' lang='lat' dir='ltr'><strong>collationem</strong></span> <span class='ocrx_word' id='word_1_146' title='bbox 681 2868 872 2958; x_wconf 80' lang='lat' dir='ltr'><strong>postremae</strong></span> <span class='ocrx_word' id='word_1_147' title='bbox 903 2859 1008 2946; x_wconf 87' lang='lat' dir='ltr'><strong>partis</strong></span> <span class='ocrx_word' id='word_1_148' title='bbox 1035 2853 1210 2925; x_wconf 79' lang='lat' dir='ltr'><strong>Persarum</strong></span> 
     </span>
     <span class='ocr_line' id='line_1_24' title="bbox 212 2972 1209 3065; baseline 0 -23"><span class='ocrx_word' id='word_1_149' title='bbox 212 2978 290 3042; x_wconf 89' lang='lat' dir='ltr'><strong>inde</strong></span> <span class='ocrx_word' id='word_1_150' title='bbox 323 2997 464 3045; x_wconf 84' lang='lat' dir='ltr'><strong>eversu</strong></span> <span class='ocrx_word' id='word_1_151' title='bbox 489 2972 563 3044; x_wconf 81' lang='lat'><strong>807.</strong></span> <span class='ocrx_word' id='word_1_152' title='bbox 599 2973 650 3038; x_wconf 83' lang='lat' dir='ltr'><strong>ed.</strong></span> <span class='ocrx_word' id='word_1_153' title='bbox 680 2997 714 3039; x_wconf 90' lang='grc' dir='ltr'><strong>ιι.</strong></span> <span class='ocrx_word' id='word_1_154' title='bbox 744 2976 787 3040; x_wconf 88' lang='lat' dir='ltr'><strong>ab</strong></span> <span class='ocrx_word' id='word_1_155' title='bbox 811 2974 1009 3041; x_wconf 84' lang='lat' dir='ltr'><strong>Hermanno</strong></span> <span class='ocrx_word' id='word_1_156' title='bbox 1035 2988 1209 3065; x_wconf 81' lang='lat' dir='ltr'><strong>acceptam</strong></span> 
     </span>
     <span class='ocr_line' id='line_1_25' title="bbox 212 3059 1225 3187; baseline -0.003 -26"><span class='ocrx_word' id='word_1_157' title='bbox 212 3059 372 3187; x_wconf 82' lang='lat' dir='ltr'><strong>publici</strong></span> <span class='ocrx_word' id='word_1_158' title='bbox 361 3095 439 3175; x_wconf 79' lang='lat' dir='ltr'><strong>Juris</strong></span> <span class='ocrx_word' id='word_1_159' title='bbox 465 3089 547 3160; x_wconf 83' lang='lat' dir='ltr'><strong>lecit</strong></span> <span class='ocrx_word' id='word_1_160' title='bbox 572 3095 764 3159; x_wconf 63' lang='lat' dir='ltr'><strong>franciscus</strong></span> <span class='ocrx_word' id='word_1_161' title='bbox 788 3095 1046 3173; x_wconf 61' lang='lat' dir='ltr'><strong>Percontatum</strong></span> <span class='ocrx_word' id='word_1_162' title='bbox 1071 3094 1225 3184; x_wconf 23' lang='lat' dir='ltr'><strong>Melete·</strong></span> 
     </span>
     <span class='ocr_line' id='line_1_26' title="bbox 210 3209 1206 3301; baseline -0.003 -21"><span class='ocrx_word' id='word_1_163' title='bbox 210 3213 309 3280; x_wconf 88' lang='lat' dir='ltr'><strong>matis</strong></span> <span class='ocrx_word' id='word_1_164' title='bbox 344 3212 465 3279; x_wconf 89' lang='lat' dir='ltr'><strong>criticis</strong></span> <span class='ocrx_word' id='word_1_165' title='bbox 492 3212 527 3277; x_wconf 91' lang='lat' dir='ltr'><strong>in</strong></span> <span class='ocrx_word' id='word_1_166' title='bbox 552 3209 706 3301; x_wconf 84' lang='lat' dir='ltr'><strong>Aeschyli</strong></span> <span class='ocrx_word' id='word_1_167' title='bbox 731 3213 847 3278; x_wconf 86' lang='lat' dir='ltr'><strong>Persas</strong></span> <span class='ocrx_word' id='word_1_168' title='bbox 872 3213 1088 3278; x_wconf 85' lang='lat' dir='ltr'><strong>Vratislaviae</strong></span> <span class='ocrx_word' id='word_1_169' title='bbox 1116 3235 1206 3278; x_wconf 87' lang='lat' dir='ltr'><strong>anno</strong></span> 
     </span>
    </p>

    <p class='ocr_par' dir='ltr' id='par_1_14' title="bbox 147 3328 1206 3538">
     <span class='ocr_line' id='line_1_27' title="bbox 147 3328 1203 3418; baseline -0.004 -18"><span class='ocrx_word' id='word_1_170' title='bbox 147 3363 152 3370; x_wconf 76' lang='lat'><em>‚</em></span> <span class='ocrx_word' id='word_1_171' title='bbox 206 3328 491 3400; x_wconf 83' lang='lat' dir='ltr'><strong>MDCCCXVlll.</strong></span> <span class='ocrx_word' id='word_1_172' title='bbox 503 3329 608 3395; x_wconf 88' lang='lat' dir='ltr'><strong>editis.</strong></span> <span class='ocrx_word' id='word_1_173' title='bbox 632 3330 770 3395; x_wconf 89' lang='lat' dir='ltr'><strong>Butlero</strong></span> <span class='ocrx_word' id='word_1_174' title='bbox 783 3342 816 3396; x_wconf 88' lang='lat' dir='ltr'><strong>et</strong></span> <span class='ocrx_word' id='word_1_175' title='bbox 825 3332 922 3397; x_wconf 88' lang='lat' dir='ltr'><strong>nobis</strong></span> <span class='ocrx_word' id='word_1_176' title='bbox 930 3341 1070 3397; x_wconf 82' lang='lat' dir='ltr'><strong>vocatur</strong></span> <span class='ocrx_word' id='word_1_177' title='bbox 1077 3329 1164 3418; x_wconf 82' lang='lat' dir='ltr'><strong>Lips.</strong></span> <span class='ocrx_word' id='word_1_178' title='bbox 1172 3334 1203 3396; x_wconf 89' lang='lat'><strong>2.</strong></span> 
     </span>
     <span class='ocr_line' id='line_1_28' title="bbox 209 3445 1206 3538; baseline -0.004 -21"><span class='ocrx_word' id='word_1_179' title='bbox 209 3464 249 3518; x_wconf 92' lang='lat' dir='ltr'><strong>ut</strong></span> <span class='ocrx_word' id='word_1_180' title='bbox 268 3451 487 3538; x_wconf 77' lang='lat' dir='ltr'><strong>distinguatur</strong></span> <span class='ocrx_word' id='word_1_181' title='bbox 507 3447 667 3514; x_wconf 85' lang='lat' dir='ltr'><strong>sciliceta</strong></span> <span class='ocrx_word' id='word_1_182' title='bbox 686 3445 845 3536; x_wconf 74' lang='lat' dir='ltr'><strong>Lipliensi</strong></span> <span class='ocrx_word' id='word_1_183' title='bbox 866 3449 982 3537; x_wconf 83' lang='lat' dir='ltr'><strong>priori3</strong></span> <span class='ocrx_word' id='word_1_184' title='bbox 1004 3447 1206 3536; x_wconf 89' lang='lat' dir='ltr'><strong>quiProme-</strong></span> 
     </span>
    </p>
   </div>
   <div class='ocr_carea' id='block_1_5' title="bbox 165 3567 1203 3766">
    <p class='ocr_par' dir='ltr' id='par_1_15' title="bbox 165 3567 1188 3766">
     <span class='ocr_line' id='line_1_29' title="bbox 204 3567 649 3658; baseline -0.025 -19"><span class='ocrx_word' id='word_1_185' title='bbox 204 3569 276 3639; x_wconf 87' lang='lat' dir='ltr'><strong>thei</strong></span> <span class='ocrx_word' id='word_1_186' title='bbox 296 3583 428 3658; x_wconf 89' lang='lat' dir='ltr'><strong>partem</strong></span> <span class='ocrx_word' id='word_1_187' title='bbox 450 3567 649 3634; x_wconf 88' lang='lat' dir='ltr'><strong>continet.</strong></span> 
     </span>
     <span class='ocr_line' id='line_1_30' title="bbox 165 3633 1203 3766; baseline -0.019 0"><span class='ocrx_word' id='word_1_188' title='bbox 165 3695 252 3766; x_wconf 82' lang='lat' dir='ltr'>XIV.</span> <span class='ocrx_word' id='word_1_189' title='bbox 294 3688 771 3759; x_wconf 78' lang='lat' dir='ltr'><strong><em>GUELFERBYTANUS.</em></strong></span> <span class='ocrx_word' id='word_1_190' title='bbox 791 3684 908 3751; x_wconf 89' lang='lat' dir='ltr'><strong>Codex</strong></span> <span class='ocrx_word' id='word_1_191' title='bbox 935 3633 1144 3751; x_wconf 86' lang='lat' dir='ltr'><strong>chartaceus</strong></span> <span class='ocrx_word' id='word_1_192' title='bbox 1154 3683 1203 3748; x_wconf 92' lang='lat' dir='ltr'><strong>bi·</strong></span> 
     </span>
    </p>
   </div>
   <div class='ocr_carea' id='block_1_6' title="bbox 205 3789 1201 3894">
    <p class='ocr_par' dir='ltr' id='par_1_16' title="bbox 205 3789 1201 3894">
     <span class='ocr_line' id='line_1_31' title="bbox 205 3789 1201 3894; baseline -0.016 -14"><span class='ocrx_word' id='word_1_193' title='bbox 205 3810 391 3882; x_wconf 86' lang='lat' dir='ltr'><strong>bliothecae</strong></span> <span class='ocrx_word' id='word_1_194' title='bbox 419 3806 710 3894; x_wconf 80' lang='lat' dir='ltr'><strong>Guelferbytanae,</strong></span> <span class='ocrx_word' id='word_1_195' title='bbox 736 3789 856 3871; x_wconf 88' lang='lat' dir='ltr'><strong>saeculi</strong></span> <span class='ocrx_word' id='word_1_196' title='bbox 883 3804 966 3883; x_wconf 89' lang='lat' dir='ltr'><strong>XV,</strong></span> <span class='ocrx_word' id='word_1_197' title='bbox 992 3825 1110 3868; x_wconf 90' lang='lat' dir='ltr'><strong>omnes</strong></span> <span class='ocrx_word' id='word_1_198' title='bbox 1135 3807 1201 3865; x_wconf 88' lang='lat' dir='ltr'><strong>tra-</strong></span> 
     </span>
    </p>
   </div>
   <div class='ocr_carea' id='block_1_7' title="bbox 0 0 1364 4600">
    <p class='ocr_par' dir='ltr' id='par_1_17' title="bbox 0 0 1364 4600">
     <span class='ocr_line' id='line_1_32' title="bbox 0 0 1364 4600; baseline 0 7"><span class='ocrx_word' id='word_1_199' title='bbox 0 0 1364 4600; x_wconf 95' lang='lat' dir='ltr'><strong> </strong></span> 
     </span>
    </p>
   </div>
  </div>
 </body>
</html>
