2717 4600
520 174 787 245 ..3111ss-

223 360 310 427 Sunt
331 368 448 425 tamen
468 357 571 425 etiam
590 357 665 435 loci,
689 356 726 422 in
746 354 867 444 quihus
888 352 1022 420 criticus
1044 356 1087 421 ah
1108 379 1175 445 ops

140 479 304 545 librorum
331 475 529 545 destituitur.
559 477 612 541 ‘ln
640 472 693 539 his
718 474 928 553 conjecturae
955 472 1070 538 locum
1100 478 1180 539 con·

139 597 308 671 cessimus,
328 593 421 682 quod
439 605 554 657 tamen
574 569 651 658 tam!
672 580 768 657 ceute
795 611 815 654 a
840 587 938 654 nohis
954 589 1095 656 ‚laetum
1121 605 1178 673 est,

140 724 181 777 ut
205 712 258 779 vix
283 711 351 776 duo
381 710 523 775 veltres
549 708 614 776 loci
636 708 671 773 in
689 705 925 773 universahac
950 704 1063 771 fabula
1084 731 1178 797 repe-

137 830 278 923 riantur,
317 829 352 893 in
377 828 498 916 quihus
526 826 811 895 documentorum
841 824 972 912 vestigia
1003 825 1183 891 deserueri-

141 970 226 1022 mus,
250 945 332 1012 licet
355 945 399 1010 ab
421 967 540 1010 eorum
567 956 703 1031 stupore
721 940 817 1007 valde
847 940 1095 1021 abhorreamus,
1125 945 1181 1033 qui

141 1063 202 1128 vel*
217 1074 330 1150 aperte
351 1061 483 1127 vitiosas
506 1060 666 1129 lectiones
687 1059 724 1124 in
742 1068 842 1157 textu
861 1057 1065 1146 relinquunt,
1094 1060 1121 1124 si
1142 1084 1182 1126 ex

142 1179 348 1247 membranis
369 1178 458 1245 nulla
476 1177 545 1266 peti
566 1187 676 1265 potest
689 1174 890 1241 emendatio.
930 1175 1069 1241 Nullum
1090 1178 1181 1243 enim

142 1288 255 1388 locum
287 1305 401 1383 aperte
437 1305 636 1382 corruptum
666 1293 703 1358 in
729 1291 837 1359 Persis
860 1290 1046 1381 relinquere
1077 1296 1183 1361 volui-

142 1435 227 1490 mus,
253 1435 362 1500 neque
382 1411 549 1499 reliquisse
571 1408 747 1487 credimus,
774 1408 821 1474 ita
847 1420 894 1487 ut,
924 1410 950 1474 si
976 1411 1049 1498 quis
1064 1424 1182 1499 postea

144 1529 287 1605 eandem
306 1528 453 1595 sahulem
476 1531 562 1608 edat,
594 1550 672 1593 eum
693 1527 798 1591 multa
819 1528 955 1614 quidem
972 1527 1114 1595 fortasse
1134 1553 1185 1596 re·

147 1626 228 1713 etius
255 1647 470 1725 constituere,
504 1645 701 1734 praesertim
734 1643 760 1709 si
796 1644 838 1709 ah
871 1656 1034 1733 apparatu
1064 1647 1183 1714 critico

143 1758 243 1829 fuerit
261 1763 463 1841 instructior,
480 1742 577 1849 posse
599 1763 834 1837 existimemus,
849 1772 923 1827 non
939 1774 1054 1828 autem
1072 1788 1185 1831 verea-

83 1872 85 1875 ’
143 1902 229 1959 mur,
259 1903 302 1946 ne
325 1880 420 1951 locos
447 1897 545 1963 sensu
573 1902 681 1946 cassos
708 1880 760 1944 vel
787 1879 951 1970 Aeschylo
973 1881 1114 1947 omnino
1136 1883 1185 1950 in·

145 1997 261 2085 dignos
282 1998 318 2062 in
336 2009 450 2062 nostra
472 1995 776 2083 editionereperiri
807 1997 907 2063 dicat.

131 2174 137 2187 ,
227 2117 523 2181 Documentorum
544 2114 781 2181 auctoritatem
802 2113 933 2200 sequuti
951 2137 1065 2182 sumus
1083 2120 1185 2186 etiam

145 2230 182 2295 in
202 2230 251 2309 iis',
278 2254 363 2319 quae
392 2232 435 2295 ad
457 2229 732 2318 orthographiam
749 2240 794 2304 xet
821 2228 982 2295 dialectos
1006 2235 1186 2321 pertinent,

145 2349 356 2415 restituentes
375 2348 467 2412 verbi
492 2370 590 2414 causa
619 2345 825 2415 insecundo
849 2368 992 2433 persona
1020 2350 1189 2439 singularis

145 2464 329 2554 praesentis
346 2474 381 2530 et
399 2462 504 2532 futuri
522 2487 607 2552 poss.
628 2474 663 2530 et
684 2464 776 2528 med.
798 2462 947 2529 sormam
966 2467 1135 2556 vulgarem
1152 2470 1189 2539 iu
1301 2523 1306 2536 ,

145 2608 184 2678 ῃ,
214 2582 267 2649 cui
290 2593 324 2647 et
349 2582 514 2658 librorum
539 2582 637 2652 MSS.
663 2580 873 2647 consentiens
898 2573 1126 2653 testimonium
1154 2600 1190 2655 et

146 2699 378 2770 Choerohosci
413 2702 449 2766 in
480 2699 662 2768 Anecdotis
687 2695 832 2766 Bekkeri
859 2699 1189 2792 v01.·1112.p.1290.

145 2817 244 2884 favet.
286 2819 475 2908 Utrumque
504 2840 613 2906 nuper
639 2815 818 2903 infringere
847 2827 987 2883 conatus
1016 2832 1066 2886 est
1091 2826 1189 2893 Caro.

147 2942 199 3002 lus
227 2939 410 3021 Reisigs'us,
439 2938 529 3017 cujus
557 2948 673 3002 tamen
692 2923 899 3021 argumenta,
928 2946 968 3000 ut
987 2942 1188 3010 sententiam

147 3065 365 3133 mutaremus,
386 3077 449 3120 nos
468 3075 666 3142 permonere
688 3073 759 3116 non
778 3058 1017 3138 potuerunt.*)
1104 3059 1106 3064 ’

232 3171 372 3236 Arctam
401 3193 479 3238 cum
506 3182 577 3236 arte
604 3169 720 3235 critica
748 3170 784 3235 in
808 3171 917 3259 potitis
936 3174 1074 3263 'magicis
1101 3201 1190 3245 exer-

149 3286 256 3355 cenda
284 3287 556 3368 conjunctionem
582 3286 687 3358 hehet
713 3297 900 3356 metrorum
927 3290 964 3356 in
986 3294 1187 3364 carminibus

146 3491 177 3574 ‘¹
218 3491 247 3563 ἢ
275 3492 319 3546 Ne
345 3493 431 3546 nimis
457 3505 602 3547 excrescat
621 3494 707 3567 hujus
737 3496 926 3567 praefationis
950 3498 1042 3550 moles
1067 3502 1187 3571 plenam

149 3584 234 3656 hujus
253 3585 413 3655 argumenti
434 3585 636 3639 tractationem
656 3587 691 3639 in
707 3587 799 3662 'alium
817 3591 917 3644 locum
936 3605 1078 3644 reservare
1091 3594 1189 3648 decre·

43 3675 48 3684 '
150 3677 252 3731 vimus.
288 3675 408 3729 Interim
426 3678 529 3732 conset
547 3689 622 3749 quae
640 3679 713 3733 dicit
736 3681 863 3753 Thespis.
882 3681 958 3738 car„
973 3682 1053 3740 Guil.
1073 3685 1190 3741 Schnei-

70 3787 73 3794 Δ
149 3766 238 3832 derue
255 3769 288 3824 in
306 3768 398 3842 praef.
418 3769 456 3824 sd
474 3769 631 3843 Sophoclis
649 3770 832 3837 Trachinius.
862 3795 867 3802 ·
