2717 4600
469 183 525 227 .-·
576 164 644 233 ⁸75
694 106 813 201 4'

1103 336 1117 358 ,Ι

649 308 653 329 t

44 344 48 365 ¹
99 340 164 426 ιλῆς
186 343 308 407 Σίκινον
325 338 381 404 τὸν
394 334 593 414 ,παιδαγωγὸν
618 335 731 420 ίπεμφε
756 333 833 419 πρὸς
857 334 912 400 τὸν
939 335 1060 419 Ξέρξην,
1081 334 1132 400 λι-

99 450 156 506 γαν
176 424 255 498 ὅλοις
280 422 322 486 τὰ
345 422 415 508 περί
437 421 536 486 αὐτοῦ
560 429 681 504 φρονεῖν
707 419 762 482 καὶ
784 421 947 500 φροντίζειν
973 421 1133 505 εὐκαιρίας,

98 517 160 586 πῶς
178 509 263 590 αὐτῷ
274 507 335 580 τός
351 502 488 588 Mittitur
507 501 674 586 προδώσει·
696 500 761 567 εἶθ’
782 507 879 576 οὕτως
898 506 988 569 εἰπεῖν
1004 505 1058 567 τὸν
1075 508 1133 567 Σί-

98 619 174 659 κινον
193 593 270 679 πρὸς
290 591 386 657 αὐτὸν
407 591 447 665 ὥς
468 586 609 673 μελλουοι
630 596 732 669 φυγεῖν
757 588 789 650 οῖ
803 586 962 670 Ἓλληνες·
982 593 1080 652 ’τοῦτο
1099 586 1133 651 δὲ

96 680 229 759 ἐποίησεν
248 680 299 740 ἵνα
319 676 352 741 ἐν
368 673 540 751 ἀπογνώσει
560 671 706 756 μάχοιντο
726 670 921 753 οῖἛλληνες·
944 677 1037 739 τοῦτο
1058 672 1134 747 γοῦν

26 778 39 795 ⁴
95 762 241 845 ὁΞέρξιγς
269 759 417 837 όκοόσας,
444 758 522 840 πρὸς
545 757 600 833 τὰς
625 755 776 832 διεξόδους
798 760 859 819 τῶν
887 755 1134 838 Λακεδαιμονίαν

93 845 257 929 πεπομφώς
274 848 358 926 νῆας,
376 843 432 925 τὴν
457 841 565 918 ἐξοδόν
591 839 693 905 αὐτῶν
709 839 885 925 ὑπέφραξεν.
915 834 1007 905 Οὗτοι
1033 839 1066 905 δὲ
1093 841 1134 923 μὴ

92 932 204 1014 ἔχοντες
226 926 300 995 όποι
323 925 514 1013 τράποιντο.
534 923 654 999 στάντες
679 927 828 1003 γενναίως,
862 925 920 993 ,τὸν
943 923 996 1008 μὲν
1020 926 1134 1011 Ξέρξου

94 1012 207 1078 στόλον
223 1010 373 1094 ἠφάνισαν
393 1011 525 1087 ἅπαντα,
549 1006 616 1071 εἶθ’
638 1008 736 1081 οὕτως
754 1007 807 1070 καὶ
825 1009 903 1092 πρὸς
919 1010 992 1085 τοὺς
1012 1009 1136 1075 τάττον-

91 1122 146 1177 τας
166 1099 293 1170 ἐκείνους
311 1093 453 1168 ἐλθόντες
473 1093 564 1185 ἐκεῖσε
584 1088 712 1164 τούτους
729 1090 912 1157 ἀπέκτανον.
985 1132 988 1137 -

175 1256 209 1297 v.
231 1227 305 1295 326.
349 1232 470 1292 Futura
491 1231 603 1306 μενοῖεν
624 1238 657 1289 et
677 1224 866 1290 ἐκσωσοίατο
884 1228 1028 1308 (ema.)
1049 1251 1135 1311 quae

94 1338 132 1380 ex
151 1319 281 1377 Monkii
309 1323 495 1396 conjectura
521 1315 708 1395 subrogavit
736 1313 969 1386 Blomfieldiu5‚
994 1316 1134 1397 vulgaris

95 1404 318 1483 grammatices
342 1401 524 1481 praeceptis
551 1396 791 1459 accommodata
816 1399 963 1478 quidem,
993 1421 1061 1460 nou
1085 1412 1136 1459 ta·

94 1506 173 1545 men
202 1489 386 1545 necessaria
405 1491 491 1543 sunt.
534 1481 625 1562 Quin
652 1482 802 1562 vulgatae
832 1483 1029 1543 lectissimae
1057 1495 1136 1544 sunt

96 1572 283 1664 scripturae,
296 1571 451 1649 quoniam
471 1570 651 1648 praesentis
664 1578 699 1626 et
720 1570 831 1626 coristi
849 1572 1024 1648 optativus,
1041 1572 1136 1649 quip-

96 1674 141 1735 pe
163 1657 222 1732 qui
242 1673 279 1712 er
297 1652 513 1735 praecedente
532 1650 643 1711 futuro
663 1649 968 1732 pendet2praesens
990 1652 1079 1731 quod
1099 1657 1142 1711 in

93 1737 205 1796 futuro
226 1740 369 1818 positum
399 1740 556 1816 cogitatur
582 1746 708 1816 tempus
735 1740 856 1795 innuit
898 1736 990 1817 Quae
1016 1758 1068 1796 res
1099 1747 1137 1796 ut

94 1825 230 1880 omnino
252 1822 478 1902 comprobatur
498 1819 610 1879 indole
630 1841 667 1879 ac
687 1823 815 1880 ratione
831 1820 963 1904 linguae
990 1841 1135 1901 graecae,

91 1909 141 1964 ita
161 1905 435 1967 demonstratione
456 1905 609 1987 exemplis
628 1904 820 1966 confirmata
840 1927 909 1966 non
930 1918 1010 1986 eget.

177 2060 209 2100 v.
231 2034 306 2109 327,
348 2038 397 2097 Er
423 2048 548 2118 septem
576 2036 688 2098 cedda
711 2035 801 2099 Med.
828 2039 866 2100 L.
895 2040 988 2101 Cant
1007 2041 1038 2102 2,
1066 2043 1137 2103 Vit-

91 2123 178 2184 Van.
201 2119 230 2183 1.
252 2123 283 2184 2.
305 2123 415 2183 Gueff.
440 2123 522 2182 ναῶν
542 2121 736 2191 reduximus,
761 2143 847 2201 quae
870 2121 977 2184 forma
1003 2127 1043 2185 ab
1075 2130 1136 2185 im·

89 2210 210 2287 peritis
238 2210 428 2286 saepissime
448 2204 617 2265 obscurata
648 2215 707 2274 est,
738 2215 772 2264 et
803 2205 909 2266 adhuc
936 2210 1137 2271 obscuratur.

89 2289 203 2350 Edita·
214 2300 293 2352 vett
311 2300 346 2350 et
367 2291 467 2349 ceteri
486 2287 576 2348 codd.
598 2289 670 2349 νεῶν
691 2289 860 2372 praebent.

183 2407 325 2468 Verbum
345 2396 567 2484 ἕπανιῖροίσκειν
594 2403 687 2465 deest
711 2410 748 2464 in
773 2406 883 2467 lexicis
913 2413 1041 2471 nostris.
1079 2414 1138 2473 Di-

91 2513 200 2573 gnum
219 2512 296 2554 vero
314 2501 475 2572 putamus·
487 2488 576 2568 quod
597 2489 741 2560 addatur,
759 2495 914 2568 quoniam
936 2494 1027 2555 codd.
1047 2496 1138 2558 Med.

89 2579 191 2639 Cant.
215 2572 243 2637 1.
267 2575 297 2633 2.
321 2575 386 2634 Vit.
407 2574 513 2652 Moeq.
530 2573 565 2632 B.
587 2575 623 2633 C.
644 2574 681 2635 L.
706 2576 782 2634 edit„
802 2576 886 2637 Rob.
909 2573 1139 2659 ἐπανθορόντες,

85 2661 165 2721 eod.
205 2658 377 2719 Lambeth.
424 2653 653 2738 ἐπανθορόντες
689 2659 841 2739 produnt.
896 2661 985 2742 Quid
1023 2665 1139 2745 plura?

85 2741 200 2804 SchoL
222 2743 258 2801 Β.
278 2739 519 2818 ἐπανθοροῡνττς
540 2742 679 2822 explicat
698 2737 917 2821 ἀναπηδῶντες.
956 2745 1138 2811 Allatorum
1160 2752 1162 2755 ’

83 2827 245 2888 codicum
265 2831 457 2908 scripturam
476 2819 697 2907 ἐπανθορόντες
717 2835 951 2892 revocavimus.
977 2903 986 2926 ρ

179 2971 210 3012 v.
224 2949 296 3011 330.
345 2952 450 3012 Voces
485 2944 538 3009 τὸν
563 2951 645 3010 θεῶν
672 2947 793 3029 φθόνον
820 2967 937 3018 notant
969 2958 1138 3030 „divinam

83 3033 299 3108 invidiam“;
322 3035 382 3092 τῶν
406 3034 488 3092 θεῶν
514 3028 634 3108 φθόνον
660 3037 816 3106 „deorum
846 3044 921 3119 (qui
949 3051 1044 3104 antea
1072 3051 1139 3125 jam

84 3121 191 3182 allati
220 3129 307 3191 sunt,
333 3121 403 3180 sive
429 3121 575 3180 omnium
603 3122 674 3181 sive
702 3125 919 3203 quorundam)
945 3127 1139 3191 iuvidiam.“

85 3207 182 3264 Cum
202 3223 279 3264 vero
299 3201 339 3262 de
353 3202 466 3262 divina
484 3202 622 3273 invidia,
639 3224 708 3264 non
728 3205 768 3266 de
787 3206 919 3270 deorum
935 3233 1032 3293 supra
1052 3234 1139 3272 com·

81 3298 348 3350 memoratorum
369 3297 502 3348 moneat
521 3291 670 3357 nuntius,
696 3295 851 3367 quoniam
872 3315 941 3355 non
963 3296 1004 3356 ad
1023 3318 1054 3356 v.
1073 3293 1136 3357 315

81 3373 122 3433 h.
135 3372 163 3430 1.
183 3376 363 3452 respicitur,
386 3370 444 3431 sed
463 3374 571 3451 potius
593 3371 635 3432 ad
653 3372 802 3436 fraudem
822 3379 938 3439 Graeci
956 3383 1030 3448 viri,
1049 3381 1136 3441 nolis

80 3456 217 3518 codicis
237 3456 276 3517 L.
299 3467 334 3517 et
350 3454 457 3517 Schol.
479 3456 515 3517 B.
539 3456 715 3517 lectionem
736 3481 794 3541 pro
815 3465 942 3523 sincera
960 3464 1091 3527 babere.

180 3603 211 3643 v.
227 3578 299 3643 331.
341 3581 433 3641 Πυῖσι
453 3586 614 3665 προφωνεῖ
636 3582 686 3646 Cf.
707 3596 818 3646 notam
845 3587 886 3649 ad
906 3610 939 3655 v.
959 3587 1031 3653 306.

182 3729 212 3769 τ.
236 3705 308 3770 332.
352 3709 419 3789 Qui
435 3713 632 3791 scripserunt
660 3702 762 3784 φλόγα
788 3733 849 3793 pro
872 3706 971 3792 χθόνα
997 3739 1066 3777 non
1085 3722 1137 3779 in·

79 3800 173 3873 epte
191 3791 350 3856 focerunt.
371 3787 608 3868 ,Νοιτιφλίγειν
634 3788 736 3870 φλόγα
754 3796 870 3857 Graeci
897 3799 1061 3880 eleganter
1088 3804 1137 3863 dt·

79 3884 180 3956 cunt
196 3896 253 3957 pro
275 3873 390 3956 φλέγειν
406 3878 557 3960 simplici.
594 3878 721 3942 Tamen
735 3874 834 3960 χθόνα
858 3880 1039 3967 Aeschylus
1056 3891 1136 3980 scri·

636 4002 650 4031 0
