2717 4600
589 150 860 270 -182‘-
985 266 988 271 ,
1115 172 1119 181 ’

210 384 301 442 omni
326 385 467 465 per-tium
487 379 595 444 studio
623 380 762 453 alienus,
790 379 886 443 alteri
908 381 995 463 parti
1022 379 1124 459 magis
1145 395 1247 457 quam

210 465 304 526 elteri
322 467 453 531 tamea.
825 484 827 489 ’
964 491 969 501 ’

292 613 324 654 v.
347 587 419 660 379.
461 586 624 653 Audacter·
643 589 746 653 Aesch
769 590 821 651 lus
842 584 896 650 ἐπ’
915 580 1008 667 ἄλλην
1030 580 1062 647 d’
1084 577 1178 654 ἄλλος
1200 582 1250 643 di·

211 678 265 750 xit,
288 699 362 737 cum
382 688 617 759 exspectaretur
641 670 693 735 ἐπ’
723 672 744 734 ἄ
782 694 816 753 qr
845 668 924 753 ἄλλη
947 695 991 735 sc.
1017 672 1099 741 ναῦς.
1147 669 1253 730 Nimi-

212 779 286 821 rum
305 760 345 820 ad
362 754 457 830 citior
475 757 787 842 subintelligendum
804 781 842 820 ex
861 778 1045 840 praegresso
1065 755 1137 824 ναῦς
1156 773 1254 816 voca·

213 842 329 904 bulum
354 837 510 927 ναύαρχος.
570 845 709 906 Sensum
738 854 878 915 tantum,
912 864 981 909 non
1011 843 1255 922 grammaticam

216 931 472 990 concinnitatem
492 933 768 1011 spectavitpoete.
842 949 920 989 uate
941 947 1010 989 non
1031 945 1112 1006 opus
1136 933 1196 993 est,
1216 931 1256 981 ut

216 1031 290 1070 cum
314 1009 522 1075 Blouifieldio
545 1015 705 1075 scribatur
739 1005 792 1071 ἐπ’
814 1006 914 1083 ἄλλον,
935 1004 1040 1086 ἄλλος,
1069 1029 1135 1091 quo
1163 1004 1255 1067 iacto

217 1115 260 1156 ne
278 1097 385 1165 bonus
406 1098 540 1180 quidem
562 1100 686 1159 exsistit
706 1117 831 1162 sensus.

300 1242 332 1283 v.
350 1219 424 1283 380.
462 1218 530 1284 Καὶ
546 1224 656 1305 πρῶτα
670 1227 773 1284 trium
789 1219 883 1283 codd.
902 1220 1002 1281 lectio
1022 1220 1259 1279 correctionem

207 1302 352 1380 redolet,
373 1311 529 1387 quoniam
543 1312 689 1391 prosaica
706 1310 809 1368 oratio
821 1308 1088 1388 conjunctionem
1107 1304 1260 1380 requirit.

217 1384 264 1448 At
282 1384 324 1448 τὰ
343 1391 452 1471 πρῶτα
479 1397 608 1473 gravius
632 1403 666 1453 et
691 1395 794 1472 magis
818 1394 947 1472 poetice
973 1387 1108 1460 dictum,
1134 1390 1238 1467 optim

218 1472 257 1531 in
278 1473 338 1533 teli
358 1479 594 1536 enuntiationis
613 1480 742 1537 ratione
762 1479 905 1558 positum
926 1483 988 1537 est.
1209 1501 1212 1505 ·

300 1545 362 1618 uir
386 1579 453 1640 pro
475 1554 515 1632 δὴ
539 1564 577 1620 in
604 1570 695 1623 tortu
719 1561 874 1620 substitui
896 1556 1015 1618 debere
1043 1576 1081 1617 ex
1098 1553 1262 1613 librorum

218 1643 406 1703 testimonio
434 1644 633 1727 collegimus.
681 1643 776 1725 Quae
799 1642 899 1704 lectio
924 1640 1024 1701 facile
1047 1644 1085 1699 in
1111 1639 1164 1701 νῦν
1191 1657 1262 1698 cor-

218 1735 314 1809 rupta
336 1737 395 1797 est,
416 1728 505 1808 quod
523 1732 692 1791 invenitur
709 1732 746 1788 in
763 1727 852 1788 Med.
877 1727 971 1786 Cant.
993 1724 1025 1787 2.

302 1872 335 1913 v.
354 1849 428 1918 381.
471 1851 552 1913 Loci
571 1863 765 1915 structuram
784 1851 938 1915 nonnulli
959 1854 1174 1933 interpretum
1192 1869 1259 1909 uon

172 2014 174 2017 Ι
222 1939 300 1995 retis
328 1947 416 1998 recte
445 1948 612 2018 ceperunt,
647 1939 744 1999 obliti
777 1932 811 1998 δὲ
838 1943 875 1997 in
900 1935 1033 2018 epodosi
1056 1937 1137 2016 poni
1165 1954 1258 2016 posse

221 2031 296 2102 post
314 2013 355 2092 ὥς
380 2031 415 2082 et
442 2021 567 2082 similes
585 2022 771 2104 particulas.
812 2020 908 2082 Coni.
944 2040 1030 2100 quae
1061 2015 1102 2079 ad
1129 2039 1162 2081 r.
1181 2011 1251 2079 364.

222 2103 469 2186 disputavimus.
521 2105 660 2169 Protesis
685 2109 858 2189 porrigitur
890 2104 931 2166 ad
959 2100 1109 2185 ἥθροὶπο
1140 2121 1250 2180 usque3
1304 2156 1307 2161 .

221 2187 301 2249 inde
319 2187 468 2273 epodosis
488 2193 615 2272 incipit.
659 2189 739 2252 Post
758 2184 868 2253 ordior
886 2211 963 2252 vero
974 2189 1074 2271 plene
1093 2193 1252 2268 interpun-

222 2273 374 2355 gendum.
401 2306 442 2321 -
492 2267 629 2336 Hcion’
656 2270 795 2354 ἔθραυον
823 2286 872 2339 est
901 2272 1083 2356 asyndeton
1110 2273 1200 2333 illius
1224 2273 1258 2330 in

222 2378 254 2420 v.
274 2356 347 2419 281.
374 2359 493 2440 simile.
557 2360 610 2419 De
642 2360 807 2441 asyndetis
836 2370 950 2420 monet
985 2359 1193 2419 Hermannus
1225 2359 1260 2415 in
1303 2428 1309 2443 .

222 2440 327 2503 Praei.
356 2441 396 2504 ad
427 2443 540 2526 Eurip.
569 2443 713 2505 Bacchas
741 2465 774 2526 p.
794 2444 955 2505 XXXIV=
994 2442 1128 2514 „Solere
1154 2452 1261 2501 autem

222 2531 361 2611 tragicos
390 2538 425 2588 et
449 2532 588 2588 maxime
613 2526 814 2607 Aeschylum
842 2532 880 2588 in
904 2548 941 2587 re
960 2531 1050 2609 gravi
1076 2526 1140 2587 duo
1163 2526 1273 2587 rerba*

223 2614 297 2671 sine
323 2611 441 2692 copula
468 2617 676 2693 coniungere,
708 2631 778 2673 nou
804 2623 855 2673 est
889 2612 979 2691 quod
1009 2632 1160 2688 moneam
1198 2631 1265 2679 eos,

224 2696 345 2773 quibus
366 2695 418 2755 illi
439 2703 528 2757 recte
555 2699 677 2778 cogniti
699 2703 809 2756 sunt‘i
852 2696 979 2766 Ibidem
1005 2700 1056 2758 vir
1086 2695 1203 2756 doctus
1229 2698 1269 2753 in

223 2778 298 2841 loco
320 2789 431 2840 nostro
449 2779 606 2863 apoduein
625 2781 734 2841 verbis
749 2773 841 2839 edroi
858 2774 894 2839 δ’
915 2774 972 2882 ὑρ’
997 2774 1098 2840 αὐτῶν
1117 2783 1269 2860 coepisse

226 2874 347 2933 censet,
377 2863 466 2942 quod
492 2883 596 2963 quum
623 2865 725 2924 rerba
749 2858 839 2926 airu
864 2857 896 2923 δ’
926 2857 984 2942 αφ’
1011 2858 1114 2923 αὐτῶν
1134 2864 1270 2923 παίοντα

225 2957 262 3011 et
283 2941 388 3024 ἀρωγὴ
414 2940 446 3005 δ’
475 2944 557 3015 οὔτις
581 2949 683 3026 παρῆν
710 2947 847 3012 eandem
872 2968 942 3008 rem
971 2967 1091 3030 nempe
1110 2947 1273 3009 effectum

111 3037 116 3044 '
224 3029 282 3090 rot
300 3025 356 3101 τὰς
366 3030 439 3100 ναῦς
457 3025 489 3091 ἔν
509 3026 601 3109 στένῳ
620 3028 825 3115 &decocuntur
837 3023 910 3093 εἶναι
923 3033 1081 3104 indicent,
1100 3053 1169 3094 non
1191 3041 1273 3114 epte

226 3112 350 3175 dictum
370 3135 440 3177 esse
464 3125 606 3197 apparet.

309 3261 341 3303 v.
363 3238 435 3303 383.
476 3237 624 3304 Plurium
640 3242 798 3310 librorum
816 3243 915 3305 lectio
934 3237 990 3304 ὑπ’
1011 3238 1112 3304 αὐτῶν
1124 3244 1276 3324 genuina

115 3383 118 3391 .
228 3334 288 3403 est,
307 3327 345 3394 ln
365 3329 458 3386 ouius
478 3326 587 3387 locum
610 3331 645 3400 ii,
666 3329 726 3404 qui
750 3325 873 3389 Graeca
895 3350 933 3389 ex
952 3327 1072 3389 Latina
1093 3337 1276 3388 consuetu·

228 3408 307 3471 dine
331 3409 530 3489 judicarunt,
557 3404 613 3487 ὑφ’
642 3405 743 3469 αὐτῶν
767 3423 955 3492 posuerunt.
1001 3412 1099 3494 Quod
1119 3432 1189 3472 non
1220 3420 1278 3471 est

227 3487 456 3567 necessarium,
469 3511 571 3574 quum
593 3486 685 3563 αὐτὸς
704 3495 726 3553 1.
746 3514 775 3555 e.
797 3499 912 3578 ‚‚ipse“
933 3496 1090 3558 hocloco
1113 3495 1280 3555 sufficiat.

227 3576 361 3655 Neque,
380 3581 418 3638 in
456 3579 693 3650 dubitationem
721 3582 831 3639 vocari
856 3590 979 3680 potest,
1012 3592 1121 3641 utrum
1151 3581 1280 3661 legerit

157 3691 160 3697 ·
229 3658 336 3722 Schol.
355 3657 414 3723 A.=
441 3657 534 3722 αὐτοὶ
558 3654 592 3720 δὲ
614 3657 646 3720 oi
670 3657 791 3738 Πέρσαι
811 3656 853 3722 ὑπ
897 3659 997 3724 αὐτῶν
1015 3658 1181 3726 ἐτύπτοντο
1201 3668 1282 3735 ταῖς

229 3738 422 3826 συγκρούσεσι
443 3742 494 3806 καὶ
512 3738 715 3826 προσαράξεσι
733 3747 794 3820 τῶν
812 3748 885 3807 νεῶν
905 3770 931 3807 κ.
949 3768 977 3809 τ.
996 3743 1023 3809 l.

313 3824 486 3889 Abreschii
507 3829 710 3909 aliorumque
729 3851 878 3904 errorem,
902 3836 961 3911 qui
981 3824 1122 3922 ρῖμρολοῖς
1145 3835 1184 3894 in
1203 3842 1283 3894 tex·

229 3918 301 3979 tum
309 3914 457 3998 recipere
465 3917 536 3974 ausi
548 3924 635 3987 sunt,
649 3914 734 3979 bene
748 3913 872 3978 refellit
881 3916 1143 3982 iamSchuetzins
1157 3917 1200 3981 ud
1207 3916 1283 3980 lut
