2717 4600
406 220 408 229 ’
501 226 530 253 ·.
591 223 734 299 707¹
782 238 832 254 .-

146 372 168 477 ’,
200 392 438 483 colligeremus,
453 390 548 480 (ipsis
576 391 665 457 enim
690 390 788 457 nobis
809 390 943 458 codices
963 391 1061 458 MSS.
1088 402 1243 459 excutere

199 535 271 578 non
291 511 398 594 licuit)
418 509 561 598 indeque
583 521 719 576 strenuo
738 508 890 575 instituto
909 509 1041 590 judicio,
1054 512 1146 598 quod
1158 512 1244 599 opti·
1345 567 1355 597 ,

199 640 297 695 mum
314 610 593 716 verissimumque
609 626 786 711 videretur,
809 626 1011 713 eligeremus.
1054 626 1170 713 Quum
1189 652 1242 695 ve-
1353 666 1354 681 1

200 764 241 811 ro
260 747 367 812 nullus
388 738 501 812 adhuc
521 744 692 813 editorum
722 745 765 811 de
782 730 877 810 libris
897 744 996 811 MSS.
1017 767 1067 824 ea,
1093 768 1158 835 qua
1179 769 1243 835 par

199 856 345 941 est‘lide
367 875 401 929 et
420 885 499 929 cura
519 860 718 938 disseruerit,
732 850 915 952 ¹quumque,
936 862 1095 950 quoniam
1111 864 1243 931 ab'aliis

199 980 294 1047 aliter
312 982 507 1047 nominatur
526 979 617 1046 idem
641 979 755 1061 codex,
779 980 970 1068 frequentes
989 978 1024 1044 in
1043 976 1108 1047 hac
1130 1004 1167 1047 re
1188 1005 1242 1048 or·

145 1120 148 1127 “
197 1107 253 1163 tae
271 1097 337 1164 sint
357 1098 576 1177 confusiones,
599 1120 684 1186 opus
703 1108 754 1164 est
773 1108 812 1163 ut
830 1096 886 1163 hic
905 1109 1116 1184 proponatur

278 1291 423 1359 mnux
447 1290 663 1360 cosmon
686 1289 1279 1366 numerumnunerum

92 1392 97 1405 ’·
197 1404 366 1495 omaus
385 1408 610 1505 nuscum
636 1409 810 1479 sensns
831 1400 1179 1483 qcouuuunuun.

194 1565 220 1634 Ι.
241 1568 506 1637 MEDIGEUS.
550 1567 604 1634 De
622 1566 691 1645 hoo
712 1567 757 1633 ita
776 1565 933 1631 Butlerus
951 1567 992 1631 Τ.
1013 1567 1102 1631 Vlll.
1122 1589 1157 1655 p.
1178 1567 1239 1633 111.
1353 1648 1354 1663 χ

237 1684 377 1764 „Codex
406 1683 629 1753 bibliothecae
650 1683 893 1750 Laurentianus
919 1682 1103 1762 Mediceae,
1134 1706 1241 1749 mem·

202 1801 430 1913 'branaceus
458 1804 605 1892 optimae
635 1815 747 1882 notae,
775 1801 856 1889 plut
878 1802 1010 1869 xxxlt
1038 1823 1094 1867 no.
1115 1801 1146 1866 9.
1170 1824 1241 1891 quo

238 1921 362 1986 Petms
384 1924 556 1990 Victorius
576 1943 653 1986 usus
674 1930 732 1984 est
775 1915 936 1984 Continet
961 1928 1090 2006 septem
1111 1908 1242 2006 tragoe-
1271 1924 1274 1929 ’

237 2032 317 2118 dias,
344 2039 403 2105 sed
427 2034 562 2107 lacunas
590 2038 672 2104 duas
696 2034 800 2101 habet
827 2034 864 2100 in
880 2034 1146 2124 Agamemnone,
1174 2036 1242 2123 pri-

237 2162 331 2219 mam
359 2179 494 2227 aversu
512 2156 587 2225 318.
613 2155 657 2223 ad
677 2175 811 2227 versum
834 2153 925 2224 1075.
953 2153 1126 2240 [editionis
1143 2153 1241 2221 Stau-

236 2268 387 2360 leianae]
407 2273 545 2340 alteram
566 2296 585 2340 a
611 2295 708 2339 versu
731 2272 824 2342 1163.
855 2272 899 2338 ad
925 2270 1080 2360 choepte
1105 2293 1241 2346 versum

1352 1980 1355 2099 l

1326 2212 1355 2401 l

147 2425 148 2428 =
236 2390 267 2452 8.
299 2390 414 2484 'Hujus
442 2391 568 2464 codicis
595 2390 810 2461 collationem
837 2389 1121 2454 accuratissimam
1145 2411 1239 2457 anno
1352 2403 1353 2460 l

234 2503 442 2576 MDCCXV.
476 2504 558 2575 lecit
586 2506 797 2574 doctissimus
834 2510 1026 2571 Ant·‘Mar.
1057 2509 1239 2590 Salamias,

235 2621 431 2709 graecarum
455 2624 641 2690 litterarum
668 2621 880 2711 publicus-in
906 2622 1077 2688 academia
1103 2624 1241 2695 Floren-

207 2729 211 2736 ’
235 2739 306 2805 tina
325 2737 503 2828 professor,
528 2742 565 2810 in
584 2741 726 2836 gratiam
746 2743 846 2812 Petri
867 2743 1050 2820 Needltam,
1077 2741 1134 2830 qui
1162 2753 1239 2808 tum

232 2878 357 2922 novam
384 2859 539 2949 Aeschyli
566 2857 749 2925 editionem
775 2857 1011 2925 moliebatur.¹‘
1051 2860 1143 2927 Haec
1171 2860 1239 2926 col-

234 2971 315 3038 latio
337 2986 420 3062 post
434 2976 621 3044 Needhaml
643 2985 792 3040 mortem
812 2975 904 3040 venit
930 2978 966 3040 in
992 2969 1112 3043 manus
1133 2983 1238 3047 Arcto*

235 3094 288 3158 nit
304 3095 428 3170 Askero,
450 3093 595 3182 indeque
613 3094 649 3160 in
671 3097 833 3168 Samuelis
853 3098 998 3176 Butleri,
1025 3098 1082 3184 qui
1104 3121 1177 3163 eam
1200 3098 1236 3163 in

184 3293 188 3302 Ι
235 3208 382 3275 editione
412 3232 469 3275 sua
496 3208 620 3298 publici
647 3211 726 3294 juris
749 3212 838 3280 fecit
883 3212 995 3284 Aliam
1022 3214 1234 3280 collationem

236 3327 278 3396 ab
301 3327 424 3394 eodem
444 3326 588 3394 Salvinio
610 3328 802 3398 confectam
822 3342 856 3397 et
876 3331 1016 3420 margini
1041 3331 1233 3420 exemplaris
1345 3415 1347 3424 y

161 3445 166 3454 ’
236 3431 391 3510 editionis
411 3444 619 3511 Stanleianae
639 3445 840 3536 adscriptam
861 3449 978 3514 habuit
990 3450 1230 3540 Blomfieldius.

233 3560 364 3627 Omnes
379 3562 545 3630 variantes
564 3562 661 3645 hujus
681 3565 805 3633 codicis
824 3566 983 3633 lectiones
1002 3567 1113 3648 (sicuti
1135 3579 1169 3632 et
1183 3589 1233 3631 re

187 3688 189 3692 '
234 3677 417 3765 liquorum)
447 3680 484 3749 in
517 3681 745 3754 Varietate
779 3689 987 3757 lectionis
1020 3686 1123 3756 textui
1157 3684 1231 3751 sub-¹
1298 3681 1347 3770 f⁴

235 3795 321 3886 lecta
341 3798 483 3887 reperies
506 3812 648 3872 notatas.
