2717 4600
510 165 781 232 ...17-

126 339 355 421 okinsprimus
378 358 415 399 er
435 340 580 419 vestigiis
607 335 735 397 ceditis
751 332 790 399 A.
819 330 918 415 ἀνείης
943 342 1037 411 eruit,
1063 357 1162 418 quam

79 455 81 460 r
127 425 385 485 emendationem
408 428 533 505 egregio
549 420 748 482 tuetur'ood.
770 422 841 482 Par.
856 419 950 483 2886.
966 444 1064 502 quem
1085 445 1165 485 eun-

128 508 199 569 dem
219 530 288 582 esse
309 520 409 587 atque
426 530 513 578 eum,
534 527 634 586 quern
655 502 729 566 Asa.
751 506 793 566 D.
816 506 977 577 Butler-us,
995 508 1033 565 L.
1060 507 1165 588 Blom·

126 592 254 651 fieldius
282 597 419 663 notavit,
441 614 500 673 pro
524 597 615 651 'certo
636 586 804 651 habemus.
851 590 965 651 Variae
987 601 1095 649 autem
1118 593 1170 653 le-.

126 679 249 734 stiones
277 698 382 754 errore
404 678 573 735 lenissimo
600 696 637 734 er
662 679 805 753 genuina
827 686 995 755 corruptae
1014 685 1100 744 sunt,
1128 687 1166 736 ut

125 754 162 817 ἄν
190 755 234 836 εἴη
262 771 295 819 et
330 755 398 838 ἀνίη
428 764 514 820 inter
537 780 618 839 quas
651 759 830 818 seeundum
864 763 1164 840 pronuntiationem

125 842 397 904 Reuohlinianam
428 844 520 903 nulla
539 843 717 910 diversitas
744 849 864 901 exstat:
901 845 942 902 In
972 843 1044 902 aliis
1072 843 1166 903 libris

125 921 197 986 ἀνίει
219 929 395 1002 exhibetur,
419 949 504 1006 quae
527 930 681 988 correctio
708 929 869 1006 genuinae
896 931 1072 1007 scripturae
1096 949 1167 988 esse

125 1011 265 1083 videtur,
284 1017 348 1071 nisi
369 1024 402 1072 et
418 1017 491 1093 ipsa
510 1032 547 1070 ex
564 1013 832 1091 pronuntiatione
844 1010 1084 1070 Reuchliniana
1105 1016 1168 1071 ori·

126 1101 235 1180 ginem
256 1096 391 1156 duxerit.
433 1095 495 1155 Sed
518 1097 720 1174 optativum.
733 1098 762 1151 si
783 1099 914 1153 sensnm
936 1099 1164 1169 examinamus,

126 1182 277 1240 omnibus
300 1180 488 1240 nominibus
509 1180 702 1259 imperativo
727 1177 976 1239 anteferendum
989 1200 1069 1249 esse,
1091 1179 1166 1238 infi-

126 1268 190 1323 tias
209 1286 278 1323 non
298 1266 430 1326 ibimus.
490 1307 493 1314 .
661 1271 666 1278 '

212 1404 244 1470 ν’.
267 1405 337 1468 611.
359 1410 577 1492 Turpissima
597 1405 652 1466 hic
673 1426 785 1468 versus
805 1407 846 1468 ab
864 1407 1042 1469 editoribus
1053 1418 1086 1470 et
1107 1412 1168 1467 cri·

128 1493 202 1550 ticis
220 1492 372 1554 foedatus
399 1503 458 1552 est.
499 1491 547 1552 Er
571 1493 692 1571 quibus
722 1492 875 1551 nonnulli
898 1492 933 1552 id
961 1512 1000 1552 eo
1030 1492 1167 1554 consilio

129 1576 246 1636 fecisse
267 1578 430 1647 videntur,
458 1587 494 1637 ut
515 1597 580 1655 quo
603 1574 736 1636 tandem
761 1597 866 1655 usque
894 1576 1047 1636 audaciae
1069 1587 1101 1636 et
1121 1588 1191 1636 te··

129 1664 288 1719 maritatis
308 1661 456 1742 progredi
482 1670 615 1742 possent
644 1671 849 1724 conarentur.
868 1677 874 1690 “
891 1659 984 1719 Nihil
1003 1682 1089 1724 'sane
1108 1658 1169 1720 Ae-

130 1742 236 1823 schyli
256 1737 371 1826 spiritu
392 1745 520 1825 dignius
538 1747 707 1805 invenitur
728 1748 827 1822 'quam
853 1744 983 1824 vulgata
1003 1748 1187 1826 scriptura.-

128 1828 523 1911 Namque-'diphthongus
549 1833 586 1888 in
605 1827 736 1905 Δαρεῖον
758 1827 858 1887 facile
877 1831 1056 1910 corripitur,
1084 1850 1170 1907 quae

128 1910 310 1995 Hermanni
331 1919 430 1984 etiarn
451 1924 501 1974 est
517 1915 691 1973 sententia.
728 1910 812 1973 Vide
832 1914 885 1973 De
901 1916 1012 1973 metria
1037 1934 1069 1994 p.
1094 1908 1168 1979 427.

128 1995 194 2056 Nos
216 1996 358 2075 quidem,
382 1995 545 2075 quomodo
568 1989 635 2055 οἷον
657 1995 873 2055 tolerabiliter
893 2000 1036 2055 excusari
1058 2002 1192 2078 possit„

120 2100 205 2156 ‘oum
218 2084 270 2141 vix
284 2085 510 2161 percipiamus,
530 2077 684 2138 exSchol.
697 2075 735 2137 A.
755 2089 788 2138 et
807 2079 842 2138 Β.
859 2071 925 2138 οἷον
935 2085 1169 2144 revocavimus.

129 2157 298 2242 Adspersit
326 2174 434 2238 autem
457 2161 566 2225 Schol.
587 2159 628 2221 A:
663 2156 720 2220 τὸν
746 2154 840 2238 μόνον
865 2153 1018 2240 γενόμενον
1038 2158 1171 2242 ’βασιλέα

130 2238 180 2303 διὰ
200 2241 236 2304 τὸ
263 2231 459 2324 κηδεμοῦικόν.
501 2244 563 2306 Sed
592 2244 710 2305 melius
740 2237 806 2304 οἷον
833 2246 984 2322 enucleat
1008 2246 1115 2310 Schol.
1135 2250 1171 2310 B.

129 2319 185 2389 τὸν
201 2326 292 2406 μέγαν
313 2326 404 2410 driu
424 2323 516 2406 μόνον
542 2331 587 2407 τῷ
613 2324 827 2408 tna-(taenea.
871 2331 1041 2393 Caeterum
1072 2354 1172 2411 quarn

129 2413 230 2474 facile
252 2406 319 2476 οἷον
338 2421 375 2476 in
396 2409 465 2479 οἷον
486 2414 653 2495 delapsum
675 2417 728 2482 sit,
754 2434 822 2473 non
849 2425 899 2474 est
926 2414 1015 2493 quod
1040 2438 1173 2477 monea-

129 2519 213 2559 mus.
235 2531 279 2545 -
324 2502 424 2573 Porro
451 2493 583 2580 Aorpadrv
620 2497 868 2565 insolentioeem
900 2504 1076 2561 accusativi
1107 2501 1173 2561 for-

130 2603 218 2643 mam
240 2604 300 2664 pro
325 2584 457 2664 Δαρεῖον
485 2587 522 2640 in
550 2585 787 2659 antiquissimis
818 2586 976 2647 exstitisse
1003 2585 1097 2643 libris
1124 2596 1174 2644 te·

130 2678 258 2726 stantur
277 2668 487 2741 scholiastae,
506 2687 592 2745 quae
613 2686 675 2735 res,
695 2687 760 2743 quo
783 2668 892 2726 minus
913 2667 954 2727 de
974 2669 1173 2729 ernendatio-

130 2772 175 2810 ne
201 2755 396 2832 cogitarent,
434 2751 596 2812 deterrere
616 2749 767 2835 ,debebat
799 2751 886 2811 aevi*
907 2756 1010 2811 nostri
1036 2756 1173 2814 criticos.

131 2835 222 2893 Haeo
246 2847 296 2895 est
321 2848 400 2895 nota
427 2835 532 2894 Schol
552 2834 588 2892 B.
615 2833 656 2903 ad
683 2826 831 2914 Aoprroh]
860 2829 897 2893 οὐ
922 2829 1014 2913 μόνον
1044 2837 1174 2918 Δαρεῖος

132 2912 212 2975 ἀλλὰ
231 2915 285 2995 καὶ
302 2913 433 3000 raperer
448 2910 605 3001 γράφεται.
635 2917 748 2997 Quid?
764 2919 850 2977 Num
870 2917 910 2978 de
929 2939 969 2979 ea
989 2919 1095 2980 forma
1116 2921 1174 2981 du-

131 3003 230 3061 bitari
250 3003 340 3072 lieet,
369 3023 467 3081 quam
493 3001 534 3062 ad
563 3022 666 3062 unum
694 3005 804 3062 omnia
833 3015 1045 3063 monumenta
1074 3025 1176 3065 esser·

130 3089 233 3149 vent?
255 3086 347 3167 Quae
368 3091 525 3168 repetitur
545 3090 644 3145 etiam
663 3080 880 3151 w621.628·?
903 3087 1025 3167 Quovis
1039 3091 1175 3168 pignore

132 3175 334 3242 eertariruus,
355 3171 503 3230 consulto
524 3178 558 3234 et
577 3171 718 3249 cogitato
740 3168 866 3249 vulgari
885 3175 1027 3230 nominis
1049 3172 1175 3232 formae

70 3296 77 3309 .
132 3277 192 3338 pro
220 3258 286 3318 loci
313 3258 470 3338 gravitate
496 3264 530 3312 et
550 3255 672 3330 insigni
694 3252 894 3314 sublimitate
922 3258 1113 3334 exquisitam
1141 3265 1175 3315 et

131 3345 323 3402 inusitatam
345 3338 484 3411 formam
522 3339 745 3418 anteposuisse
770 3333 973 3416 Aeschylum.
1011 3338 1105 3397 Conf.
1134 3337 1175 3400 de

131 3424 239 3486 forma
265 3419 395 3506 Δαρειὰν
419 3424 506 3481 Mori
530 3423 639 3488 Eram.
669 3421 830 3498 quorund.
854 3422 953 3507 loqur.
983 3420 1068 3489 Xen.
1087 3422 1172 3485 Hist.
1230 3490 1242 3511 ι

133 3511 188 3570 Gr.
211 3533 238 3570 c.
258 3511 314 3570 IV.
336 3530 367 3588 p.
387 3505 439 3568 30.
479 3504 568 3584 Quid
589 3504 630 3566 de
649 3505 830 3564 Hermanni
856 3509 1049 3589 oonjecturis
1062 3511 1176 3587 ,παριϊ-
1204 3544 1211 3559 .

132 3613 184 3654 rou
201 3606 235 3656 et
243 3593 396 3675 Λαρειᾶνα
417 3596 607 3660 sentiamus,
627 3610 664 3651 ex
682 3592 736 3659 iis,
758 3609 843 3667 quae
865 3587 1012 3661 diximus,
1033 3590 1149 3654 elucet.

218 3761 250 3804 v.
271 3736 343 3800 612.
384 3734 554 3796 Abreschii
576 3733 760 3801 emendatio
788 3725 911 3793 πώποτ’
941 3746 990 3803 est
1019 3735 1172 3819 deprava·
1262 3772 1278 3795 ,.

137 3824 195 3885 tio.
238 3823 360 3889 Omnes
383 3821 462 3892 libri
490 3813 566 3880 πότ’
599 3820 767 3901 praebent,
795 3817 883 3900 quod
911 3821 1103 3914 reduximus.
1130 3850 1173 3867 ·-
