2717 4600
462 106 468 113 ¹
545 144 716 219 --ιιν
764 166 815 184 ·-

160 315 357 403 σοπολέομαι,
386 323 477 407 quod
497 321 710 386 derivandum
732 323 773 384 ab
795 316 893 400 ὀρθὸς
910 319 965 383 vel
982 312 1081 379 ’om
1100 327 1135 377 et
1150 311 1206 374 πέ·
1305 392 1317 405 ,

160 407 264 486 λομαι)
292 409 454 490 significet
487 420 651 480 „arrectus
686 417 744 480 est,
780 412 866 468 inter
900 420 991 487 spem
1015 413 1207 479 metumque

163 512 349 573 suspensus,
371 486 597 574 deddc·e’ortr,“
619 513 687 570 qua
704 491 846 551 formula
867 512 945 550 usus
970 498 1020 548 est
1030 487 1205 568 „Lycurgus
1289 556 1292 561 Ι

166 575 237 638 adv·
257 578 372 639 Leoor.
395 598 464 659 cap.
484 576 544 638 XI.
565 598 598 657 p.
625 571 697 636 165.
716 576 844 637 hersin
864 568 947 652 ὀρθὴ
969 566 1002 630 δ’
1024 570 1059 646 ἠν
1080 565 1100 647 ἡ
1123 564 1209 639 πόλις

164 655 197 719 ἐν
221 665 287 730 τοῖς
313 652 532 746 συμβεβηκόσιν.
567 659 617 723 ef.
645 660 743 719 Isocr.
772 659 813 718 de
840 659 909 738 Big.
934 678 968 737 p.
995 651 1068 715 605.
1105 653 1209 734 Laug.

165 743 299 805 Diodor.
329 745 393 806 Sic.
423 745 513 807 XVI.
540 736 592 805 84.
635 744 867 826 Relegavimus
896 752 1004 800 autem
1034 738 1210 818 vulgatam,

168 831 222 887 cui
242 832 357 909 optimi
379 839 413 888 et
430 828 565 908 plurimi
591 838 692 888 testes
719 830 849 906 antiqui
876 834 1074 906 repugnent
1112 821 1237 882 Acoe··

169 910 218 977 dit
239 913 327 989 quod
346 911 505 990 Hesychii
527 916 702 974 auotoritas
722 932 792 972 non
820 920 949 971 tantum
970 909 1069 978 valet,
1086 910 1147 967 vcui
1172 907 1213 965 li-

169 995 302 1055 brorum
334 1000 530 1077 optimorum
566 1000 791 1059 testimenium
824 992 1085 1077 posthabeamus.
1148 987 1215 1049 Aut

172 1089 322 1164 corrupto
351 1101 427 1139 usus
454 1091 503 1140 est
530 1082 723 1167 exemplari,
751 1091 807 1140 aut
831 1084 903 1160 ipse
932 1077 1035 1139 falsus
1062 1087 1130 1147 est,
1158 1083 1215 1132 aut

173 1162 271 1221 ulium
308 1163 446 1225 forsitan
485 1167 596 1224 innuit
630 1163 784 1242 Aeschyli
819 1164 929 1223 locum
960 1157 1215 1242 lexicographus.

173 1246 270 1328 Quod
307 1247 348 1308 de
379 1246 560 1327 HesychiO,
604 1247 692 1312 idem
725 1247 766 1308 de
791 1247 908 1307 Photio
934 1255 966 1304 et
994 1244 1137 1323 Etymol.
1168 1241 1215 1300 M.

173 1341 321 1404 auctore,
371 1353 445 1392 cum
473 1332 532 1392 illo
563 1332 864 1401 consentientibuS,
908 1328 1031 1388 dictum
1063 1330 1217 1386 existima.

167 1408 309 1475 Ἒσωθεν
339 1425 447 1478 autem
478 1415 596 1497 adJecit
620 1413 803 1492 Aeschylus
824 1424 1013 1497 propterea,
1049 1422 1087 1470 ut
1123 1430 1220 1492 appa·

174 1507 261 1569 reat,
286 1519 355 1559 non
385 1498 517 1560 aliunde
545 1503 676 1560 venisse
705 1497 797 1556 illam
830 1498 910 1557 mali
938 1497 1218 1578 praesagitionem,

176 1580 234 1642 red
262 1587 357 1661 quasi
379 1592 502 1664 sponte·
521 1596 580 1642 sua
606 1586 644 1642 in
666 1585 774 1641 animo
799 1590 912 1643 'natam
934 1603 1013 1656 esse,
1037 1600 1103 1662 qua
1125 1578 1165 1640 de
1182 1599 1219 1639 re

175 1662 264 1726 intra
286 1663 420 1727 adhibet
440 1666 636 1730 uocabulum
662 1659 851 1746 θυμόναντις.

260 1795 365 1863 v.13.
394 1791 499 1877 οἴχωκε
525 1798 632 1861 deleto
653 1816 671 1858 ν
696 1801 885 1882 paragogico
914 1819 988 1858 cum
1015 1797 1109 1857 libris
1140 1816 1222 1856 non·

182 1880 283 1942 nullis
300 1884 442 1944 scribere
463 1882 597 1966 placuit,
625 1904 693 1961 quo
720 1883 811 1942 ducit
839 1887 935 1942 etiem
964 1879 1041 1941 Aldi
1067 1886 1226 1963 scriptura

88 2024 93 2033 ,
182 1960 291 2043 (ἔχωντι.
337 1965 426 2027 Alius
456 1972 545 2030 enim
567 1977 706 2031 metrum
732 1967 968 2049 pessumdatur,
998 1970 1077 2048 quie
1100 1969 1237 2047 synize·⁴

151 2109 153 2114 .
182 2053 230 2111 sis
247 2051 306 2111 τοῦ
323 2047 391 2112 νέον
410 2050 445 2111 h.
462 2051 486 2112 1.
506 2055 561 2114 vix
586 2055 734 2134 usurpari
753 2061 870 2133 potest.

269 2160 337 2228 νέον
364 2161 398 2226 δ’
429 2162 526 2250 ἄνδρα
554 2161 664 2249 βαΰζει.
703 2169 776 2230 Viri
803 2167 902 2241 docti,
937 2191 1012 2230 cum
1044 2168 1104 2229 has
1129 2190 1228 2232 voees

187 2249 333 2331 subjecto
353 2272 461 2313 carere
483 2262 646 2337 putarent,
666 2252 724 2313 alii
744 2252 839 2313 aliter
858 2254 933 2315 loeo
957 2254 1081 2314 mederi
1097 2254 1230 2314 studue·
1315 2303 1320 2318 .

186 2344 274 2396 runt.
340 2335 487 2438 Quorum
521 2337 655 2419 plurimi
680 2336 825 2420 Stanlejo
854 2349 888 2399 et
913 2338 1073 2411 Heathio,
1108 2343 1166 2419 qui
1192 2361 1230 2399 ex

187 2410 391 2498 Ἄσιατογενης
408 2422 516 2501 'quasi
540 2416 604 2480 ἀπὸ
632 2422 690 2481 τοῦ
716 2423 821 2483 κοινοῦ
849 2426 955 2504 repeti
986 2425 1102 2486 volunt
1130 2420 1231 2498 Ἀσία,

95 2564 99 2575 ,
191 2508 314 2563 assensi
335 2515 420 2565 sunt.
464 2501 509 2563 At
536 2505 595 2564 illa
617 2510 780 2586 repetitio,
813 2511 875 2566 etsi
900 2529 968 2567 non
997 2513 1130 2569 omnino
1155 2512 1232 2592 reji-

192 2587 309 2648 cienda
334 2597 393 2661 est,
418 2587 452 2647 h.
475 2587 499 2649 l.
527 2608 597 2654 non
621 2600 695 2676 apta
713 2603 792 2650 ¹esse
820 2591 959 2652 videtur.
1013 2592 1138 2675 Quodsi
1157 2603 1233 2675 post

192 2666 296 2749 οἴχωκε
323 2682 514 2757 sequeretur
550 2692 741 2755 pronomen,
777 2696 842 2754 quo
877 2675 966 2735 Ασιά
998 2699 1035 2737 ex
1072 2678 1233 2758 adjectivo

191 2754 407 2836 praecedente
435 2755 676 2827 extunderetur,
713 2756 799 2816 nihil
827 2758 1021 2826 haberemus
1050 2762 1138 2841 quod
1164 2782 1234 2822 mo·

194 2838 339 2901 nendum
368 2849 462 2900 esset.
502 2840 557 2898 ¹Ea
583 2850 633 2899 est
653 2841 796 2905 conditio
823 2839 920 2903 huius
945 2845 1012 2905 loci
1038 2847 1119 2922 (cic.
1142 2846 1230 2918 Brut.

194 2942 222 2981 c.
242 2918 295 2992 29,
314 2918 372 3000 6.)=
403 2923 497 2993 „Hoc
519 2921 649 2982 dioendi
672 2945 774 3009 genus
797 2925 837 2985 ad
857 2934 1039 3008 patrocinia
1065 2929 1244 3002 mediocri-¹

193 3014 245 3065 ter
274 3016 384 3087 aptum
409 3006 596 3085 videbatur3
627 3005 668 3071 a'd
697 3016 892 3070 senatoriam
919 3034 996 3075 vero
1028 3019 1233 3081 sententiam,
1299 3069 1305 3082 ,

197 3090 289 3148 ouius
310 3089 456 3149 eret'ille
477 3090 642 3172 (Scaurus)
671 3097 834 3178 princeps,
853 3096 909 3156 vel
928 3102 1101 3162 maxime.“
1143 3098 1235 3177 Quae

196 3179 307 3232 autern
325 3176 429 3235 nostri
449 3174 745 3250 Ioci-conformatio
767 3190 826 3249 est,
845 3185 997 3261 repetitio
1019 3183 1079 3242 illa
1099 3183 1187 3242 nuda
1205 3190 1238 3241 et

196 3256 331 3317 inficeta
354 3258 440 3318 male
469 3279 528 3317 nos
554 3258 662 3321 habet.
707 3259 814 3341 Atque
834 3267 872 3321 in
902 3265 1002 3325 alium
1020 3286 1160 3344 errorem
1179 3269 1240 3324 im·

197 3340 330 3483 plicitus
356 3351 405 3404 est
432 3342 698 3417 Valckenaenus,
725 3350 785 3431 qui
816 3348 872 3424 (ad
901 3349 1029 3430 Eurip.'
1049 3350 1171 3412 Phoeu.
1205 3370 1237 3411 v.

220 3416 363 3508 4891131
388 3430 531 3489 metricis
560 3432 766 3507 potissimum
793 3434 973 3492 rationibus
1001 3434 1163 3493 nonnulla
1183 3432 1239 3495 hic

199 3508 405 3572 intercidisse
425 3513 577 3591 conjecit,
597 3512 638 3570 ab
661 3514 801 3577 Heathio
820 3526 858 3578 ‚et
873 3516 1034 3580 Brunckio
1056 3521 1171 3578 merito
1189 3536 1240 3594 re·

198 3589 334 3657 futatus.
378 3592 451 3675 Quo
468 3599 568 3674 νυξὶν
587 3599 753 3669 miramur,
778 3600 867 3677 quod
894 3612 928 3660 et
949 3604 1019 3681 ipse
1038 3595 1241 3669 Schuetzius,
1348 3616 1357 3644 ¹

201 3694 401 3754 quamquam
419 3680 482 3740 alio
497 3692 684 3759 argumento
704 3682 870 3757 adductus,
893 3684 1154 3748 uValckenaerii
1166 3704 1241 3746 sen·
1264 3702 1270 3708 ·

175 3777 177 3780 ’
200 3761 306 3835 leniit
324 3769 398 3826 etat.
439 3763 522 3822 Nam
542 3765 628 3829 novo
648 3763 811 3827 Schuetzii
834 3780 1021 3846 argumento
1041 3770 1242 3834 Valckenee·

201 3844 246 3918 d
264 3845 483 3930 conjecturare
505 3843 779 3942 uthflproficafe,
804 3849 904 3936 iarile
932 3853 984 3936 ‘est
1011 3852 1249 3926 demonstratu»
