2717 4600
608 202 658 244 ··.·
709 185 878 257 ⁸74³·-
971 245 977 250 .

171 429 175 436 ,
228 359 467 442 minutantur,
488 355 539 424 διὰ
558 360 651 421 τοῦτο
673 354 782 435 ulmeis
807 348 901 418 εἶπεν·
928 380 948 418 e
978 358 1279 437 qulbusineptnm

229 461 325 526 esset,
344 453 373 510 si
393 449 468 526 quis
493 440 678 525 οἷονὴνρτο
699 442 774 505 ν.1.
795 453 953 504 enataret.
998 443 1083 514 Cum
1108 461 1187 504 vero
1211 461 1280 500 non
1334 485 1336 550 i

230 554 395 616 negemus,
416 531 496 592 duas
515 540 636 598 exstare
655 527 754 588 huius
775 526 928 590 adiectirt
951 526 1089 588 formast
1113 519 1229 596 αἰανὴς
1248 536 1281 585 et

229 611 343 691 οἰανάς,
357 636 424 678 non
444 624 556 674 contra
575 633 635 673 nos
656 612 820 693 disputata
842 621 929 685 aunt,
940 631 1027 688 qnae
1040 619 1154 674 contra
1167 605 1282 672 Blom·
1335 655 1336 686 p

230 702 380 765 fieldium
401 698 579 779 disputavit
596 698 804 764 Hormennus
825 695 867 756 ad
883 693 986 776 Sepia.
1003 691 1053 774 Aj.
1075 689 1149 759 657.
1180 767 1186 776 ρ
1334 691 1336 784 ρ

314 802 452 885 uni-jam
476 805 535 864 alii
558 815 788 887 expunxerunt.
812 801 907 863 conf.
930 819 1017 880 qnae
1036 799 1178 861 dicenda
1202 812 1283 861 sunt

232 892 273 980 ad
293 913 325 953 v.
342 887 421 949 893.
443 920 485 933 -
528 890 590 947 Hic
613 900 646 948 et
665 909 697 949 v.
720 883 791 954 877.
820 889 1028 946 accuratioris
1053 888 1281 978 responsionis

252 977 333 1036 retia
350 994 430 1034 cum
466 969 672 1031 Blomfieldlo
709 976 745 1030 in
777 973 871 1044 notis,
898 963 1110 1030 Lachruaniro
1141 979 1176 1052 et
1208 970 1281 1030 Car.
1335 973 1336 1054 ρ

215 999 432 1121 donandam
456 1077 505 1137 ap.
526 1057 612 1116 Pass.
636 1048 814 1135 πάνδυρτον,
837 1076 922 1133 quae
942 1053 1048 1112 forma
1067 1065 1116 1113 est
1135 1057 1279 1135 poetica,

29 1173 30 1192 1
144 1165 151 1172 ·
233 1147 454 1210 correximus,
481 1142 585 1200 Versu
605 1132 771 1202 546.'1tb1·i
787 1160 898 1199 omnes
919 1130 1093 1215 ὀδυρόμενοι
1105 1139 1282 1219 praebent,
1335 1101 1336 1196 1

112 2163 115 2166 0
234 2168 325 2247 prius
348 2171 499 2244 acceptae
519 2179 607 2219 nunc
626 2163 745 2220 iterum
765 2161 954 2221 terribiliter
970 2182 1023 2221 rex
1042 2158 1225 2221 recordatur.

234 1239 267 1288 at
284 1219 439 1308 δυρόμενοι
467 1222 664 1303 Aeschylum
689 1219 854 1306 scripsisse
880 1217 1021 1282 metrum
1041 1224 1176 1285 evincit.
1225 1220 1281 1286 Ni·
1335 1235 1336 1268 1

231 1309 283 1371 hil
302 1312 437 1370 omnino
462 1308 668 1386 frequentius
700 1329 800 1386 qnam
827 1306 942 1367 harum
963 1305 1142 1365 formarum
1164 1304 1280 1364 confu-

232 1399 294 1456 sio,
319 1390 415 1452 cont
433 1392 628 1462 Elmsleium
656 1390 698 1452 ad
723 1391 836 1471 Eurlp.
853 1389 940 1450 Med.
959 1411 989 1472 p.
1013 1387 1091 1450 100.
1110 1386 1188 1450 255.
1208 1387 1279 1453 256.

234 1479 291 1540 ed«
312 1479 403 1558 Lips.
426 1475 570 1536 Erfurdt.
599 1475 640 1538 ad
668 1473 766 1557 Soph.
796 1476 914 1538 Electa.
944 1471 1037 1539 1073.
1053 1484 1101 1533 'et
1131 1473 1219 1534 Oed.
1244 1474 1279 1533 li.

235 1560 330 1624 1218.
346 1562 436 1622 Pers.
454 1555 498 1620 ad
513 1560 626 1641 Eurtp.
651 1560 733 1624 Hac.
751 1552 825 1625 734.
846 1558 933 1622 Pasa.
954 1562 990 1618 ln
1011 1558 1125 1619 Melet.
1149 1577 1185 1638 p.
1211 1555 1260 1619 50.

238 1679 251 1706 ⁵
316 1715 347 1757 ν.
364 1687 444 1784 875.
488 1689 640 1754 8ο1ιοΙ.Β.
663 1685 789 1772 δαίμων]
815 1686 908 1772 ἤμουν
927 1685 946 1771 ἡ
966 1690 1111 1774 παροῦσα
1128 1684 1276 1772 δυστυχία.

322 1847 354 1889 r.
377 1820 451 1891 876.
495 1817 685 1903 μετάτροπος
706 1824 795 1903 quod
812 1826 885 1885 loco
906 1827 1011 1885 morit
1028 1823 1223 1895 Brunckius,
1240 1828 1273 1882 in

236 1918 400 1993 jussuum
420 1912 632 1968 restituimus.
655 1903 864 1986 «μετάτροπος
880 1922 913 1969 et
932 1919 1071 1972 metrum
1103 1929 1126 1966 n
1183 1919 1222 1978 at,
1239 1918 1273 1967 et

236 2000 368 2075 exiguae
386 2003 437 2052 eet
455 1996 666 2057 auctoritatis.
709 1992 815 2052 Schol.
837 1993 874 2052 B.
899 1987 1088 2073 μετάτροπος
1160 1986 1267 2060 άνττος·

216 2076 371 2160 ’πρόσθεν
398 2073 457 2157 γὰρ
478 2069 632 2154 ηὐτάχουν,
658 2077 712 2135 νῦν
737 2070 771 2135 δὲ
796 2070 1028 2156 νατοβὲβλρμαι.
1075 2075 1260 2135 calamitatis

319 2319 350 2361 v.
369 2285 443 2363 87¹1.
487 2295 539 2356 De
560 2283 733 2372 πάνδυρτον
754 2293 830 2357 vide
850 2305 961 2357 notam
983 2292 1025 2355 ad
1045 2314 1078 2356 ν.
1100 2284 1177 2360 871.
1333 2209 1336 2288 J

318 2451 350 2492 v.
370 2425 442 2495 878.
484 2428 548 2488 Res
573 2429 718 2488 onslonis
747 2429 848 2508 gratia
877 2432 951 2485 ‘cum
972 2427 1124 2487 Passovio
1155 2438 1190 2487 et
1205 2427 1277 2486 But·

235 2517 304 2577 lero
330 2508 480 2591 δυσπαθῆ
505 2446 604 2592 oddus
629 2513 828 2591 scripsimus,
870 2509 983 2571 Altera
1007 2512 1156 2573 Passovii
1184 2523 1279 2591 atque
1334 2512 1335 2515 ’

195 2620 197 2624 ·
237 2598 443 2658 Lachmanni
474 2600 629 2656 correctio
652 2589 807 2671 ’δυσπαθῆ
837 2590 959 2674 σεβίζων
979 2599 1129 2677 inprimis
1149 2608 1281 2677 propter

237 2686 333 2742 metri
360 2682 653 2742 inconcinnitatem
673 2679 894 2759 improbanda
921 2690 986 2750 est,
1023 2680 1112 2759 quod
1143 2686 1283 2740 sensisse

238 2767 367 2828 videtur
384 2766 528 2829 Passovii
549 2766 671 2824 Censor
690 2766 727 2821 in
749 2761 885 2844 Ephem.
906 2762 994 2844 Lips.
1017 2763 1040 2831 1.
1063 2785 1090 2823 c.
1122 2764 1286 2825 Herman-

240 2873 301 2910 nns
327 2849 368 2909 ad
395 2850 562 2927 Hymnum
588 2852 625 2908 in
652 2845 759 2927 Apoll.
778 2866 807 2908 v.
830 2840 900 2907 142.
926 2868 958 2929 p.
981 2839 1029 2907 11.
1058 2843 1107 2909 15.
1131 2841 1287 2925 laeuam}

237 2928 317 3016 βάρη
346 2933 386 2993 de
413 2943 500 2990 terra
525 2935 664 3011 acceptis
693 2930 929 2990 calamitatibus
966 2931 1141 3016 intelligit,
1181 2937 1287 2992 accito

142 3068 151 3082 .
240 3016 419 3077 Scholiasta
436 3016 504 3076 MS.
528 3013 637 3075 Guelf.
660 3017 719 3092 qui
745 3012 815 3076 fere
837 3015 877 3074 ed
898 3016 997 3079 verba
1020 3020 1192 3077 consentit
1216 3040 1288 3077 cum

239 3100 344 3167 Sobel
364 3101 399 3159 Β.
430 3102 577 3161 etunius
597 3099 812 3160 verberum:
838 3094 878 3157 τά
905 3093 1057 3176 δυσπαθῆ
1077 3095 1130 3161 καὶ
1149 3096 1289 3160 ἁλίτυπά

239 3179 319 3285 βάρη
346 3187 413 3256 τῆς,
426 3177 554 3258 πόλεως,
573 3178 713 3242 τουτέστι
738 3178 781 3241 τὰ
806 3179 837 3241 ἐν
855 3179 951 3263 χέρσῳ
980 3180 1033 3243 καὶ
1052 3177 1204 3263 θαλάττῃ
1228 3190 1288 3254 τοῖς

240 3271 375 3348 Περσσις
396 3262 558 3348 συμβάντα.
599 3266 662 3327 Sed
685 3287 879 3347 magnopere
900 3284 1060 3347 ueremur,
1078 3278 1116 3327 ut
1136 3253 1189 3329 de‘
1203 3281 1288 3329 terra

239 3352 270 3414 h.
294 3354 316 3413 l.
343 3354 529 3433 cogitaverit
554 3347 661 3412 Aesch
684 3350 746 3410 lus.
799 3351 905 3410 Multa
929 3351 1063 3430 qnidam
1098 3362 1192 3412 terra
1219 3375 1289 3435 per·

237 3442 325 3518 pessi
352 3444 433 3579 sappi
458 3436 573 3497 Persae
599 3456 630 3498 v.
653 3373 873 3497 150-480.
901 3432 981 3495 haec
1008 3447 1119 3496 tamen
1144 3441 1225 3517 ipsa
1256 3460 1288 3496 er

239 3521 332 3581 clade
352 3540 383 3580 m
394 3516 410 3531 ”
435 3540 477 3579 na
495 3520 692 3589 oriebantur,
720 3529 758 3577 ut
775 3531 864 3580 recte
883 3519 1008 3579 dicatur
1028 3519 1143 3581 Atossa
1159 3542 1199 3583 v.
1213 3518 1289 3582 683:

315 3622 318 3629 '
341 3611 478 3687 ναυτικὸς
498 3612 627 3699 στρατὸς
644 3611 793 3686 κακωθεὶς
813 3611 904 3687 πίζον
924 3611 1014 3677 ὤλεσε
1033 3609 1177 3697 στρατόν.

239 3725 407 3803 Nusquam
427 3726 575 3786 videmus
598 3745 693 3787 senes
710 3724 895 3796 infortunii,
910 3727 999 3806 quod
1020 3737 1104 3788 terra
1125 3712 1290 3786 acciderit

241 3808 352 3879 Persis,
375 3810 503 3868 disertis
526 3808 636 3871 verbis
658 3828 918 3882 commemorare,
945 3814 1013 3875 imo
1041 3831 1154 3873 omnes
1186 3816 1288 3873 mise·
1332 3858 1333 3881 ,

240 3895 303 3953 rias
334 3893 419 3951 cladi
447 3895 594 3954 marinae
631 3891 824 3958 adscribere:
855 3887 917 3957 242
937 3912 988 3945 -·
1003 3888 1076 3959 215.
1105 3891 1182 3958 520.
1215 3893 1288 3957 521.
