2717 4600
483 194 752 250 -cer-
840 172 951 246 ,“

99 360 323 427 &excreaverat
346 361 406 449 γὰρ
434 362 487 427 καὶ
514 360 683 447 {binium
709 358 838 443 στυγερὰ
869 357 922 423 uel
955 358 1062 443 μισητὴ
1095 384 1140 437 τις

99 446 189 521 alte
216 446 268 511 uei
294 444 410 529 uiden.
436 452 537 512 Πᾶσα
561 447 623 533 γὰρ
653 443 774 510 νεολαία
801 442 854 508 acl
878 440 897 526 ἡ
924 450 986 511 τῶν
1011 450 1142 532 Περσῶν

99 472 196 615 ἡλιαία
214 529 265 597 καὶ
281 528 383 614 νεότης
402 530 574 609 ἐξαπόλωλε
600 531 652 595 καὶ
670 528 836 621 παρῴχετο.

542 700 686 785 Epodus.

548 805 560 852 ν’

421 898 623 968 LOU-VSI
669 896 803 966 -Ιυυ-

358 982 558 1054 υόυυυν
604 977 770 1046 dcccc
817 1032 877 1044 --

182 1460 307 1520 Scimus
338 1458 472 1540 quidem
497 1458 610 1539 longas
637 1455 792 1535 syllabas,
818 1478 903 1535 quae
928 1463 965 1520 in
987 1462 1059 1523 loco
1082 1484 1140 1528 no-
1179 1479 1186 1486 ·

100 1554 165 1604 stro
181 1545 374 1623 frequenter
392 1553 575 1611 occurrunt,
605 1546 734 1602 numeri
753 1541 934 1604 dochmiaci
955 1567 1140 1608 commone-

97 1649 144 1697 re,
162 1639 194 1688 at
216 1631 348 1688 obstant
369 1639 402 1687 et
421 1627 591 1688 adversum
609 1634 726 1685 tenent
749 1625 886 1687 totidem
912 1630 1026 1692 breves
1053 1653 1138 1710 quae

97 1715 311 1773 inveniuntur
330 1712 486 1791 syllabae,
509 1729 619 1789 neque
633 1710 790 1770 credibile
813 1721 872 1781 est,
891 1713 1044 1775 undecim
1066 1718 1138 1776 bre-

96 1818 153 1857 ves
172 1797 313 1875 syllabas
333 1818 376 1856 ne
397 1816 464 1855 una
484 1794 619 1873 quidem
644 1794 868 1855 intercedente
891 1796 993 1877 longa
1010 1798 1138 1878 syllaba
1234 1839 1238 1846 »

97 1883 134 1938 in
163 1881 367 1958 dochmiacos
395 1879 543 1940 adhiberi
573 1883 728 1960 potuisse.
777 1877 874 1939 Porro
908 1885 937 1941 si
971 1882 1137 1944 dochmios

96 1964 298 2024 conformare
317 1966 411 2034 velis,
426 1961 588 2042 quomodo
610 1963 755 2041 singulos
778 1973 853 2043 apte
874 1975 907 2024 et
926 1987 1044 2026 vocum
1064 1991 1139 2029 sen-

95 2053 147 2107 sui
166 2062 379 2129 congruenter
402 2048 576 2114 describas,
595 2044 715 2103 frustra
734 2046 875 2106 sudabis.
914 2043 1080 2113 Postremo
1108 2058 1138 2113 sl

94 2136 196 2191 totius
222 2134 333 2191 melici
362 2134 522 2188 rationem
549 2139 583 2187 et
609 2149 743 2209 scopum
769 2133 947 2191 accuratius
978 2141 1139 2198 examina-

94 2226 166 2273 tum
188 2214 300 2284 habes,
324 2217 550 2274 concitatiores
577 2223 611 2272 et
629 2211 890 2274 vehementiores
914 2236 1065 2279 numeros
1089 2239 1139 2281 se·

95 2298 273 2358 datioribns
296 2311 330 2359 et
351 2297 550 2379 gravioribus
578 2299 680 2377 magis
703 2317 879 2381 congruere
909 2322 984 2361 cum
1012 2307 1139 2386 ingenti

96 2387 198 2441 animi
221 2383 346 2443 afflictu
368 2392 403 2442 et
424 2380 664 2461 desperatione,
684 2381 808 2440 infitias
828 2401 895 2442 non
913 2387 988 2446 ibis.
1018 2390 1139 2452 Contra

93 2471 264 2526 maximam
286 2484 402 2528 senum
421 2466 700 2545 perturbationem
725 2466 840 2525 multis
865 2469 1019 2531 brevibus
1039 2474 1138 2553 sylla·

21 2594 22 2599 κ
93 2552 147 2610 bis
169 2551 334 2632 praeclare
362 2553 507 2632 exprimi,
533 2570 630 2609 nemo
650 2570 718 2608 non
744 2549 844 2612 videt.
889 2549 997 2633 Aequi
1028 2570 1137 2620 autem

94 2640 197 2693 animi
217 2646 294 2695 sunt
308 2635 643 2702 dochmiaci'numeri,
666 2654 734 2693 non
756 2634 966 2717 desperantis,
988 2661 1049 2701 nec
1070 2666 1137 2723 quo

92 2739 129 2777 se
150 2730 256 2779 vertat
276 2718 437 2779 habentis.
484 2716 594 2798 Quare
614 2738 690 2777 cum
711 2721 748 2778 in
768 2720 983 2800 praecedente
1004 2727 1138 2808 stropha

61 2802 68 2807 “
93 2801 254 2861 dochmiis
282 2825 360 2862 usus
391 2807 433 2863 sit
457 2812 571 2883 poeta,
613 2801 702 2880 quod
727 2804 759 2862 ei
789 2803 862 2865 loco
893 2810 1138 2873 accomodatum

94 2897 235 2945 metrum
255 2898 333 2956 erat,
350 2906 491 2966 paeones
512 2889 554 2945 iis
574 2883 741 2966 adspersos
760 2887 918 2965 videmus,
947 2912 989 2951 ne
1014 2898 1051 2952 in
1071 2917 1138 2956 rna·

91 2974 196 3048 jerem
217 2969 419 3031 delaberetur
439 2972 604 3030 sententia
623 2971 906 3048 tranquillitatem.
956 2977 1052 3038 Unde
1082 2980 1137 3041 da·
1218 2980 1223 2983 ’

92 3054 259 3131 ctylicum,
277 3057 518 3133 anapaesticum
536 3062 570 3112 et
587 3057 782 3132 paeonicum
798 3069 937 3118 metrum
959 3057 1013 3120 hic
1034 3063 1137 3124 domi·

91 3142 166 3196 nari
190 3141 281 3196 omni
304 3143 431 3198 ratione
463 3135 677 3196 concluditur.
731 3138 851 3200 Suadet
883 3164 1047 3216 numerus,
1076 3153 1135 3225 qui

89 3225 129 3279 in
147 3222 253 3280 verbis
276 3233 335 3291 est,
357 3221 495 3281 suadent
506 3218 652 3298 syllabae
667 3223 793 3292 breves,
814 3246 899 3303 quae
913 3229 1030 3288 melius
1049 3251 1137 3290 com-

88 3304 286 3383 modiusque
313 3309 349 3364 in
375 3308 570 3385 paeonicum
602 3324 702 3381 quam
731 3309 769 3365 in
798 3307 1024 3371 dochmiacum
1050 3315 1135 3374 redi-

72 3438 76 3445 .
87 3400 211 3468 guntur·
230 3411 411 3451 numerum.
454 3390 537 3447 Nam
558 3392 646 3447 arsin
666 3395 858 3470 paeonicam
882 3395 967 3457 solvi
987 3402 1133 3476 potuisse

89 3494 160 3532 non
188 3484 284 3553 negat
308 3475 528 3543 Hermannus,
560 3493 760 3551 quamquam
787 3477 933 3558 exempla
958 3479 1132 3544 solutionis

89 3567 168 3617 ante
197 3558 308 3618 oculos
334 3558 487 3618 habuisse
513 3577 582 3617 non
606 3557 745 3620 videtur.
776 3560 871 3620 Conf.
894 3561 999 3622 Elem.
1029 3564 1130 3628 doctr.

88 3651 181 3700 metr.
200 3664 232 3722 p.
255 3640 327 3708 507.
353 3653 386 3702 et
406 3643 495 3722 Epit.
518 3640 617 3701 doctu
640 3653 734 3703 metr.
756 3663 788 3723 p.
811 3638 882 3708 179.
911 3644 994 3706 Satis
1016 3638 1131 3711 notum

87 3736 256 3804 praeterea
275 3737 335 3796 est,
355 3730 529 3807 paeonicos
552 3745 660 3786 versus
681 3727 722 3785 ab
744 3726 885 3786 iambica
913 3737 1061 3792 anacrusi
1080 3738 1132 3795 in·

88 3810 199 3886 cipere
228 3811 354 3879 licitum
379 3831 459 3872 essa.
503 3809 597 3870 Confi
618 3809 731 3873 Herm.
754 3809 791 3870 ll.
816 3832 862 3871 cc.
910 3813 1003 3894 Quae
1026 3817 1130 3883 licen·

85 3894 157 3953 tiae
179 3897 217 3953 in
235 3894 308 3957 loco
329 3905 445 3958 nostre
459 3897 597 3958 maxima
615 3899 736 3958 mentis
762 3897 979 3962 concitatione
1006 3903 1127 3983 insigni
