2717 4600
474 164 742 264 ...235-

88 368 122 430 id
144 339 392 439 monet'Atossa,
418 370 512 448 quasi
541 369 720 430 'ceterorum
748 345 950 451 populorum
964 386 1058 435 aenos
1073 349 1129 428 nik

88 454 273 514 teriissent?
290 451 353 513 Sed
363 447 460 532 γέρων
482 473 540 534 pro
555 456 757 534 appositione
771 456 970 535 pronominis
984 448 1030 521 τὶς
1052 465 1131 514 esse·

89 537 328 619 accipientum.
342 547 407 596 tam
430 536 487 598 diu
506 536 644 598 editores
663 537 854 598 lateranen
875 537 1025 598 debebat.
1068 537 1124 596 In·

86 632 299 703 terpretamur
312 621 422 682 locum
437 625 501 681 ita:
530 622 754 692 „Raouioracr
774 641 852 683 vero
876 619 1128 700 periitealamia
1255 599 1258 604 ¹

86 716 177 766 tosus
196 705 348 786 populus,
375 725 483 784 neque
505 710 679 785 quisquam
695 716 853 786 tanquam
871 710 1003 766 seaer.“
1043 704 1071 763 1.
1093 724 1127 764 e.

87 789 212 850 Omnes
237 788 320 849 belli
345 792 491 870 pernicia
513 801 547 850 et
566 790 751 850 calamitate
771 790 911 849 absumti
936 800 1021 862 sunt,
1050 809 1127 867 gan·

87 873 203 934 dentes
222 871 327 933 adhuc
349 872 487 953 juvenili
507 884 623 945 aetate,
651 893 723 953 quc·
737 884 833 957 pacto
854 873 965 932 nullus
988 873 1029 934 ad
1047 873 1126 952 legi*

86 961 201 1017 timam
215 961 306 1018 vitae
326 956 439 1029 finem,
465 955 507 1016 ad
526 967 726 1019 senectutem
753 960 924 1040 pervenire
946 968 1064 1038 posset,
1088 954 1128 1016 id

87 1039 178 1120 quod
197 1044 335 1101 maxime
362 1041 585 1101 calamitosum
612 1052 752 1122 apparet.
793 1041 867 1104 Non
894 1040 973 1120 dixit
994 1039 1128 1100 Atossas

29 1187 32 1192 ,
87 1127 170 1204 „qni
191 1124 300 1183 relicti
320 1135 406 1200 sunt,
425 1127 503 1185 sunt
517 1131 640 1188 „senes“
663 1125 721 1186 sed
740 1124 835 1188 dixitr
859 1128 939 1202 „qui
963 1125 1127 1192 obierunt,

89 1217 182 1269 erant
201 1228 314 1269 omnes
344 1214 519 1289 inveneri·
552 1207 650 1290 Quod
678 1212 708 1269 ei
735 1217 825 1269 recte
848 1208 1014 1277 videmus,
1053 1209 1131 1289 post

43 1309 47 1320 ·
87 1288 184 1375 γέρων
205 1312 275 1352 noa
292 1288 381 1368 ἐστίν,
402 1294 460 1355 sed
477 1288 554 1375 ἔῤῥυ
575 1296 772 1374 cogitatione
788 1286 1052 1353 transcurrent.

151 1425 207 1486 'tn
230 1420 302 1487 690.Ι
345 1423 509 1507 Erpisoari
521 1428 706 1506 nequimus,
728 1422 985 1500 curSchustzins
1005 1415 1039 1482 τὲ
1055 1403 1129 1483 mne

88 1512 209 1605 taverit
241 1512 279 1568 in
304 1503 346 1569 δέ.
393 1509 575 1572 Occurrunt
608 1508 663 1570 hic
698 1509 888 1591 particulae·
913 1503 1141 1587 disjunctivae

89 1610 123 1655 τε
145 1624 186 1638 -
205 1613 265 1655 και.

119 1735 146 1808 l‘
172 1729 235 1784 noi.
277 1723 375 1784 Hunc
393 1744 488 1786 usum
509 1724 655 1789 adverbii
680 1720 962 1787 nci'illustratum
992 1721 1070 1785 vide
1090 1727 1128 1783 in

88 1805 226 1887 Ephem.
250 1808 313 1869 litt.
348 1809 421 1872 len.
453 1808 544 1871 1823.
581 1831 695 1871 mense
725 1811 821 1870 Febr.
849 1810 889 1870 N.
913 1806 966 1868 30.
985 1811 1027 1889 p.
1051 1804 1124 1868 235.

87 1892 177 1951 Hinc
196 1903 287 1978 patet
306 1893 358 1982 πῇ,
377 1894 466 1973 quod
483 1899 521 1954 in
542 1895 737 1974 quibusdam
757 1894 850 1954 libris
869 1896 1045 1967 invenitur,
1060 1912 1128 1952 ccr-

86 1981 266 2038 rectionem
286 1981 356 2040 esse
377 1980 525 2050 alicuius,
545 1982 604 2057 qui
622 1978 807 2040 liberiorem
826 1977 922 2038 illum
943 1996 1036 2036 usum
1059 1996 1128 2036 non

86 2068 229 2122 teneret.

171 2183 274 2245 Multi
298 2182 378 2244 libri
398 2205 478 2262 ‘cum
504 2179 610 2244 Schol.
638 2184 675 2245 B.
695 2176 831 2262 relevrai
856 2181 1010 2265 produnt,
1039 2182 1131 2263 qnod

89 2271 270 2349 genuinum
299 2289 370 2330 esse
392 2270 584 2329 censuimus.
623 2267 743 2329 Darius
766 2288 884 2349 nempe
909 2266 1066 2353 periculo,
1090 2271 1128 2327 in

89 2374 157 2431 quo
180 2352 288 2412 filium
309 2356 430 2414 versari
447 2351 546 2422 videt,
572 2353 740 2433 perplexus
760 2356 1034 2413 constructionem
1057 2372 1129 2413 ver·

88 2437 208 2497 borum
225 2441 441 2518 interrumpit,
454 2457 513 2517 pro
527 2435 693 2498 infinitivo
713 2448 841 2518 tempus
860 2436 1004 2508 finitum,
1024 2446 1058 2496 et
1068 2456 1129 2516 pro

87 2525 263 2602 praeterito
283 2540 437 2602 praesens
455 2533 584 2602 tempus
606 2530 749 2603 usurpat,
770 2541 836 2601 qua
855 2541 892 2581 re
909 2523 1012 2579 animi
1030 2524 1129 2600 trepi-

89 2605 132 2664 da
152 2604 294 2664 conditio
314 2608 435 2685 optime
457 2605 652 2685 depingitur.
695 2600 738 2665 At
763 2604 892 2685 vulgata
917 2604 1014 2665 lectio
1042 2607 1129 2664 criti-

88 2709 200 2749 corum
220 2708 367 2770 saporem
390 2687 523 2763 redolet,
549 2691 608 2767 qui
627 2709 702 2749 cum
719 2709 816 2750 versu
831 2688 1045 2770 praecedente
1065 2707 1130 2764 φα-

88 2767 138 2831 σὶν
160 2771 340 2832 adhibitum
362 2772 532 2843 vidissent,
552 2782 669 2854 poetae¹
690 2775 814 2853 optima
840 2771 1043 2844 consuluisse
1062 2792 1130 2832 cre·
1154 2814 1161 2832 .

89 2853 250 2923 diderint,
280 2859 310 2912 si
338 2844 541 2916 infinitivum
566 2856 639 2917 loco
666 2866 776 2919 nostro
803 2855 1023 2925 obtruderent.
1079 2856 1130 2915 No

87 2958 168 3000 vero
191 2941 264 3015 quis
282 2935 414 2997 haereat
431 2942 468 2997 in
486 2939 588 3014 hiatu,
601 2960 733 3003 caesura
752 2950 786 3000 at
806 2943 1057 3020 interrogatione
1078 2960 1130 3000 ex·

89 3031 223 3101 cusatur
248 3018 367 3081 hiatus.
401 3021 497 3083 Conf.
524 3020 658 3087 Seidler.
684 3023 787 3104 Epist.
819 3023 860 3085 ad
887 3023 967 3083 Lob.
1002 3044 1035 3104 p.
1054 3015 1127 3083 346.

87 3097 166 3171 347.
197 3103 307 3166 Herm.
334 3103 439 3169 Elem.
463 3106 569 3166 doctr.
595 3116 689 3166 metr.
718 3127 749 3187 p.
771 3097 824 3167 49.
855 3118 889 3169 et
916 3108 1004 3188 Epit.
1031 3106 1135 3179 doctr.

88 3199 184 3250 metr.
203 3208 237 3268 p.
260 3185 312 3247 30.
336 3187 505 3249 Praeterea
526 3187 755 3269 abstergendae
777 3201 853 3250 sunt
873 3190 1036 3251 Schuetzii
1053 3209 1131 3249 con·

87 3280 217 3355 jactura
234 3263 379 3349 τελευτᾷς,
399 3282 433 3333 et
453 3271 665 3334 Boissonadei
684 3273 796 3349 (Wolf.
816 3271 910 3334 Anal.
933 3274 994 3332 111.
1016 3294 1048 3353 p.
1065 3264 1129 3348 84.)

87 3355 285 3439 illustratio,
319 3377 356 3416 ex
379 3377 446 3433 qua
473 3379 548 3419 cum
577 3377 689 3421 versus
721 3376 874 3420 uumerus
904 3356 1129 3438 pessundatur,

87 3452 163 3501 tum
191 3459 305 3498 sensus
326 3443 427 3499 oritur
445 3441 545 3501 Dario
574 3440 648 3504 divo
669 3447 806 3505 maxime
831 3441 996 3519 indignus.
1047 3440 1135 3521 Quis

90 3527 183 3583 enim
205 3526 253 3581 sio
272 3525 310 3581 in
329 3535 467 3582 amatam
492 3545 621 3584 uxorem
643 3527 821 3589 invehiturr
849 3524 940 3604 „Qui
966 3534 1129 3587 tutemet

90 3607 182 3685 quoi
209 3605 258 3664 Sit
276 3605 408 3665 tandem
435 3608 741 3683 narrationiswfinisi
766 3608 868 3668 Estne
894 3608 1053 3690 speranda
1079 3627 1129 3667 sa·

89 3689 190 3747 lusi“
216 3683 356 3749 τὼυτᾶν
376 3710 443 3750 non
461 3703 511 3751 est
534 3695 646 3766 „mori
670 3697 773 3755 vitam
793 3692 920 3766 finira“‚
943 3691 1001 3751 sed
1020 3694 1128 3773 potius

24 3826 28 3833 ,
90 3771 282 3850 „perficere5
300 3779 431 3869 exsequi
447 3783 546 3836 rem“.
586 3778 688 3841 Raeto
704 3775 861 3839 schola.
881 3768 1130 3856 διαπράσσεσθαι.

91 3855 214 3917 30³⁸OE
234 3859 332 3937 igitur
350 3869 414 3923 asir
430 3859 624 3944 „Quomodo
646 3872 684 3926 et
698 3863 757 3927 ubi
777 3880 845 3927 ratu
860 3859 1035 3928 aderitum
1055 3878 1132 3941 per·
