2717 4600
573 176 648 247 ,-
704 155 773 227 uo
823 177 873 195 -

106 400 109 407 ,
215 337 300 394 catio
322 333 584 396 antecedentium
602 339 800 401 continetur.
845 333 1054 414 Quodrdefes't
1070 341 1253 415 conjunctio

215 430 292 478 ente
319 418 539 489 infinitivum,
569 422 675 501 poetis
707 422 956 481 usitatissimum
988 430 1064 480 est..
1096 419 1200 481 Sohol.
1217 423 1252 483 B.

214 508 488 564 constructionem
516 504 676 573 illustrat:
704 498 803 572 οὕτως
828 493 879 561 διὰ
898 503 992 562 τοῦτο
1021 499 1102 582 μέχρι
1123 506 1180 563 τοῦ
1197 526 1255 564 πα-

213 580 320 668 ρόντος
341 589 448 670 καιροῦ
468 580 657 670 βεβιώκαμεν,
677 585 729 647 ἵνα
749 580 898 647 τοιούτων
919 590 1083 670 συμφορῶν
1110 583 1255 651 exonerat

212 665 375 751 γενώμεθα.

296 800 326 840 v.
347 778 420 841 230.
464 779 570 841 Schol.
595 778 636 841 A.
666 785 714 840 sic
741 773 930 861 περιφράζων
962 774 1006 853 τὸΙ
1036 773 1078 848 ὡς
1109 774 1256 842 uinitori

214 859 269 939 ὅτι,
298 860 349 922 καὶ
376 857 443 924 ἀντὶ
464 866 523 923 τοῦ
546 859 622 924 λίαν.
643 859 758 925 Πάντα
777 862 882 940 ἐκεῖνα,
910 857 969 923 ὅσα
997 859 1073 941 ἔφην
1101 859 1255 945 διατετρα-

212 946 305 1025 μμένα
329 945 405 1006 ἔστί·
434 943 518 1021 utro
544 943 578 1008 δὲ
606 944 746 1019 &elmere
772 942 911 1028 νόστιμον
938 942 1040 1029 βλέπω
1066 943 1155 1027 φάος,
1190 948 1257 1011 ἀντὶ
1329 954 1330 985 ³

212 1034 269 1091 τοῦ
289 1026 471 1103 ἀνελπίστοις
493 1028 688 1115 ὑποστρέψας
709 1031 760 1111 Cui,
784 1029 836 1094 καὶ
856 1029 956 1115 βλέπω
977 1028 1015 1091 τὸ
1037 1034 1111 1109 σῶς.

294 1168 325 1212 v.
348 1148 420 1212 231.
462 1144 632 1231 ,,νο’στιμον’
658 1145 755 1230 σάος,
787 1150 901 1212 reditus
937 1148 1016 1209 diem
1047 1163 1084 1210 ut
1117 1145 1255 1232 νόστιμον

211 1223 291 1316 ἦμαρ
310 1226 431 1315 Οᾶμεε.
446 1238 483 1296 Ζ.
506 1234 579 1302 311.
602 1246 635 1298 ct
654 1242 783 1319 saepius
805 1236 891 1319 apud
910 1236 1118 1297 Homerum.“
1137 1237 1255 1301 Schue-

210 1325 306 1380 taius

294 1425 326 1466 v.
348 1397 420 1465 234.
461 1405 509 1464 Er
535 1405 627 1466 codd.
658 1409 789 1489 optimis
820 1395 854 1464 τὲ
878 1406 1070 1484 recepimus,
1130 1407 1255 1488 Nempe

189 1488 192 1496 ‘
211 1488 298 1548 nihil
315 1488 521 1569 frequentius
545 1502 602 1565 est,
625 1513 724 1570 quam
744 1493 906 1570 corruptio
917 1490 1149 1569 particularum
1170 1485 1202 1548 τὲ
1220 1503 1256 1551 et

211 1566 244 1631 δὲ
264 1578 301 1632 in
322 1569 363 1645 μέ.
408 1574 500 1654 Quae
526 1596 577 1634 res
599 1596 673 1634 cum
700 1597 737 1635 er
759 1574 905 1634 socordia
931 1576 1127 1653 inscitiaque
1156 1576 1255 1636 libra·

210 1662 333 1717 riorum
362 1670 395 1718 et
417 1662 636 1736 antiquiorum
666 1670 700 1719 et
723 1662 940 1719 recentiorum
965 1662 1043 1716 satis
1067 1660 1251 1740 explicetur,

211 1743 338 1801 scilicet
359 1764 433 1802 cum
454 1742 567 1802 multis
589 1741 624 1807 in
644 1743 736 1812 locis,
758 1742 839 1821 quid
858 1742 990 1802 valeant
1009 1747 1091 1801 istae
1110 1749 1252 1825 particu-

209 1826 272 1894 lae,
293 1832 427 1909 nonita
453 1832 673 1908 perspexerint
702 1831 856 1908 imperiti,
884 1837 993 1885 nostro
1021 1824 1094 1887 lo‘co
1123 1826 1250 1909 praeco·

210 1910 290 1970 dens
313 1906 365 1971 καὶ
383 1912 497 1992 procul
521 1911 619 1971 dubio
648 1912 841 1991 particulam
869 1903 902 1967 τὲ
923 1911 1053 1990 expulit.
1098 1912 1182 1974 Vide
1202 1912 1246 1971 οἵ-

177 2030 183 2038 -
209 1989 249 2067 dr,
277 1992 340 2052 οἵτε
367 2006 402 2055 et
423 1993 485 2068 οἵνε
506 1998 543 2054 in
567 2018 597 2058 v.
619 1995 692 2057 281.
716 2007 749 2057 et
768 1994 962 2054 Elmsleium
989 1994 1030 2055 ad
1057 1996 1145 2060 Med.
1168 1998 1248 2056 mul-

207 2082 250 2140 tis
271 2079 363 2145 Iocis.
441 2116 444 2121 ·
1329 2086 1330 2091 ’

431 2212 568 2295 Stropha
595 2223 629 2273 et
650 2210 853 2294 antistrophe
874 2210 1025 2273 secunda.

94 2787 109 2800 -
206 2753 255 2814 Cf.
280 2753 389 2811 Herm.
411 2751 463 2811 De
484 2760 577 2809 metr.
605 2770 636 2828 p.
656 2742 728 2805 283.
752 2745 856 2804 Elem.
883 2746 982 2809 doctr.
1010 2761 1101 2811 metr.
1127 2773 1158 2832 p.
1185 2748 1248 2812 261

204 2860 273 2915 seq.
296 2835 366 2895 283.
387 2836 475 2916 Epit.
504 2835 604 2894 doctr.
632 2839 723 2888 metr.
753 2850 785 2909 p.
808 2827 877 2890 101.
906 2831 974 2891 108.
993 2834 1079 2895 Butl.
1104 2837 1145 2895 ad
1168 2836 1201 2895 h.
1224 2837 1248 2896 l.
1329 2899 1330 2912 p

205 2922 289 2980 Cum
311 2917 407 2989 Aldo,
427 2920 514 2979 Pois.
536 2917 684 2976 Schuetz.
706 2914 736 2973 2.
759 2913 877 2973 Blomf.
901 2928 933 2975 et
951 2918 1075 2979 Botheo
1103 2915 1254 2979 ὀτοτοτοῖ

203 3008 399 3086 scripsimus.
441 3003 482 3061 In
506 3022 601 3064 versu
627 2998 770 3059 secundo
798 3001 1030 3081 antistrophico
1058 3008 1137 3063 arsis
1166 3010 1250 3063 iam·
1329 3005 1330 3050 ἶ

201 3092 277 3150 bica
307 3090 413 3149 soluta
440 3099 499 3157 est,
528 3086 617 3165 quod
643 3087 809 3143 nerninem
836 3089 907 3162 jure
933 3085 1100 3148 offendere
1126 3100 1246 3169 potest.

202 3173 311 3256 Quare
335 3193 393 3254 pro
421 3183 531 3248 nostra
544 3180 732 3229 'metrorum
759 3166 970 3247 dispositione
1003 3193 1112 3250 neque
1141 3172 1249 3231 Lach-

200 3261 316 3320 manni
337 3278 445 3335 neque
468 3257 650 3315 Her-manni
671 3251 954 3313 emendationibus
977 3277 1115 3335 egemus.
1189 3279 1248 3317 uo·

199 3364 272 3403 rum
293 3342 350 3403 ille
370 3343 436 3417 (De
457 3339 543 3399 chor.
563 3349 639 3415 syst.
659 3359 692 3417 p.
714 3334 769 3409 89)
798 3330 895 3394 πολέα
916 3340 1021 3399 voluit
1042 3361 1101 3421 pro
1132 3360 1174 3398 πο
1195 3334 1249 3415 λά,

153 3424 156 3430 ’
201 3428 319 3487 collato
346 3424 455 3506 Agam.
480 3420 542 3491 732
572 3418 681 3498 (729);
710 3419 764 3479 hic
786 3420 809 3479 l.
834 3442 861 3480 c.
890 3415 1003 3496 άλιδνά,
1029 3423 1117 3501 quod
1145 3436 1182 3483 ut
1209 3447 1249 3483 ex

203 3512 350 3591 analogia
370 3511 544 3570 formatum
566 3510 615 3565 sit·
629 3515 789 3566 'veremuiz
834 3504 868 3563 Si
887 3511 971 3585 ‘quis
1000 3512 1098 3588 igitur
1127 3511 1163 3567 in
1186 3529 1250 3568 no·

199 3606 265 3654 stra
285 3599 411 3655 ratione
435 3597 641 3672 acquiescere
663 3588 757 3659 nolit,¹
782 3594 903 3666 rectius
931 3614 1005 3650 cum
1029 3591 1248 3652 Lachmanno

199 3701 298 3759 quam
320 3701 394 3738 cum
415 3681 603 3739 Hermanno
629 3673 738 3732 faciet.
1014 3675 1019 3686 “

282 3817 314 3856 ν.
335 3790 407 3860 237.
452 3791 503 3854 Τὰ
531 3767 633 3851 πολλὰ
659 3783 747 3871 fiilia
772 3791 918 3869 παμμιγῆ]
951 3792 1058 3856 Schol.
1081 3795 1119 3852 B.
1146 3789 1250 3872 ἤγουν

197 3874 330 3964 στρατὸς
351 3875 384 3940 ἐν
403 3872 525 3940 nolim
543 3874 642 3936 ἐθνῶν
663 3873 937 3955 συγκεκροτημένος.
