2717 4600
504 191 561 220 ·--
610 189 682 256 sa7
732 203 782 220 -·

127 377 252 420 moram
273 373 317 425 na
335 357 402 418 sibl·
420 355 548 441 culpam
573 360 718 439 aliquam
738 352 951 435 contraheret,
968 356 1079 423 timuit
1097 360 1162 422 Da·

126 447 205 517 rius,
228 441 285 503 sed
312 441 397 524 apud
416 443 505 503 Deos
530 443 721 505 inferorum.
760 445 875 524 Neque
903 446 1014 525 inepte
1040 464 1075 505 se
1090 466 1163 526 pro·

124 545 253 607 parasse
278 536 406 597 monet,
436 527 562 588 scilicet
586 539 624 588 ut
650 528 837 608 intelligant
860 547 970 597 senes,
998 548 1034 588 se
1061 534 1160 589 etiam

125 631 213 670 nunc
232 613 372 692 tempori
388 630 520 691 parcere
540 610 666 673 debere.
694 613 811 690 Itaque
826 605 938 689 rixata
959 603 992 669 δ’
1013 605 1054 681 ὡς
1069 608 1160 689 ἄμεμ-

122 711 198 763 πτος
219 692 245 751 ὤ
266 689 377 773 χρόνου
398 714 466 753 non
486 695 591 755 solum
615 694 656 756 ad
677 699 898 777 praeteritum,
918 695 976 755 sed
997 699 1094 755 etiam
1116 696 1158 756 ad

121 797 274 859 praesens
301 788 335 838 et
353 777 499 838 futurum
521 789 655 861 spectat.
699 780 815 858 Neque
842 779 936 840 aliter
953 782 1063 839 aorieti
1083 799 1160 839 cum

122 865 330 941 conjunctivo
348 865 544 924 consociatio
565 866 707 924 excusari
722 873 837 944 potest.
882 863 1084 945 Quapropter
1102 855 1159 923 τά·

118 964 193 1024 χυνα
221 942 298 1006 lul.
325 956 360 1006 et
375 951 598 1027 .,‚properavi“
624 957 659 1007 et
680 951 861 1029 „propero“
889 957 991 1008 notat.
1037 946 1157 1008 Sensus

114 1033 219 1110 igitur
239 1040 290 1089 est
307 1032 499 1111 „properavi
518 1040 627 1090 autem
648 1039 681 1089 et
701 1051 776 1090 cum
803 1030 859 1090 diu
879 1033 1069 1091 commorari
1089 1050 1157 1090 non

121 1134 309 1176 concessum
331 1112 483 1182 sitmihi,
505 1133 590 1191 quae
619 1112 730 1173 velitis
756 1113 897 1175 brevitor
922 1118 1097 1194 exportatis,
1120 1124 1157 1173 ut

118 1200 273 1258 humanis
299 1200 361 1258 sim
389 1216 408 1257 a
434 1196 532 1277 culpa
556 1215 667 1257 morae
691 1195 813 1257 diutius
836 1202 987 1260 tractae.“
1028 1195 1157 1259 Accinit

119 1301 151 1345 v·
172 1277 298 1478 65ἔτι
318 1374 487 1455 μακιστῆρα
505 1375 616 1454 μῦθον,
635 1369 717 1436 ἀλλὰ
733 1368 882 1455 σύντομον
902 1369 999 1454 tous

164 1493 169 1500 x
200 1477 277 1518 aens·

117 1523 170 1627 ita
187 1521 344 1634 librorum
363 1564 538 1628 lectionem
558 1566 644 1628 bene
665 1565 798 1628 defendi
816 1565 1019 1628 credidimus.
1063 1564 1155 1647 Quae

118 1654 337 1731 excogitarunt
363 1653 466 1709 critici
495 1651 658 1726 nonnulli,
684 1654 725 1711 iis
752 1650 888 1712 redonat
911 1662 1007 1731 poeta
1033 1660 1152 1713 noster.

117 1735 170 1794 De
198 1743 367 1814 augmento
393 1731 537 1815 neglecto
565 1734 641 1796 vide
678 1733 718 1793 ad
743 1755 774 1795 v.
807 1730 879 1793 281.
923 1732 1016 1794 eonf.
1040 1734 1151 1795 Herm.
1210 1749 1216 1762 ·

115 1817 220 1878 Elem.
242 1816 325 1878 doct.
347 1827 439 1880 metr.
462 1839 495 1900 p.
520 1815 591 1878 121.
620 1828 654 1879 et
673 1817 780 1878 Praei.
810 1816 852 1877 ad
873 1816 986 1901 Eurip.
1008 1817 1151 1878 Bacchas

113 1922 147 1984 p.
176 1901 265 1964 XIV.

195 2037 228 2080 v.
250 2009 323 2079 648.
360 2015 393 2076 τί
408 2010 441 2077 δ’
460 2013 525 2078 ἐστὶ
542 2018 588 2076 Π.
604 2035 629 2078 r.
647 2009 786 2098 ἐμβριθὲς
809 2008 921 2089 ιιακόις
947 2014 1001 2076 Sic
1022 2020 1151 2099 scripsi·

110 2123 197 2172 mus,
218 2122 287 2161 non
308 2110 417 2162 autem
437 2099 469 2159 τί
487 2094 520 2160 δ’
542 2097 605 2159 ἔστι
626 2120 654 2161 ιι.
672 2118 700 2157 τ.
719 2093 746 2157 λ.
764 2119 840 2159 nam
860 2094 927 2158 ἐστὶ
946 2102 1087 2179 pertinet
1108 2099 1149 2162 ad

114 2184 310 2263 adjectivum
320 2178 472 2262 ἐμβριθές,
489 2204 630 2261 quocum
642 2186 852 2262 conjunctum
862 2183 951 2244 valet
963 2182 1050 2243 idem
1061 2182 1149 2262 quod

112 2264 254 2349 iuppiter.
294 2261 346 2327 De
376 2285 528 2337 mensura
560 2270 651 2331 vocis
677 2259 797 2346 αεαῃιὸε
813 2328 817 2343 ,
833 2264 911 2329 vide
938 2265 1078 2329 Brunck.
1107 2265 1149 2331 ad

110 2351 210 2434 Soph.
230 2348 336 2433 Anttg.
359 2347 430 2412 156.
648 2400 650 2405 .

414 2480 551 2567 stropha
579 2492 613 2545 et
641 2480 851 2567 antistropha.

110 2888 231 2951 Versus
249 2891 363 2950 tertius
385 2894 434 2948 est
454 2894 688 2946 anacreonteus
713 2889 840 2965 generis
860 2888 960 2957 tertii,
985 2886 1072 2967 quod
1094 2889 1145 2947 in·

110 2977 202 3054 signe
224 2983 273 3032 est
295 2975 475 3053 anapaestis
498 2968 650 3030 admistis.
674 2969 769 3047 Conf.
794 2971 903 3031 Hem.
926 2971 1031 3031 Elem.
1044 2970 1144 3035 doctr.

109 3068 203 3118 metr.
226 3077 258 3136 p.
277 3049 349 3123 497.
368 3049 441 3114 498.
466 3053 553 3132 Epit.
581 3050 681 3112 doctr.
704 3064 795 3113 metr.
815 3073 848 3134 p.
870 3048 941 3121 177.
985 3054 1077 3116 Nolis
1096 3064 1145 3115 ta·

109 3160 189 3202 men
210 3139 350 3211 credere,
380 3157 482 3197 unum
512 3144 640 3194 tantum
672 3146 882 3216 anapaestum
903 3136 1049 3219 adspergi
1069 3137 1145 3197 soli-

108 3236 180 3283 tum
207 3243 288 3284 esse.
312 3221 362 3282 Css
385 3240 418 3283 v.
440 3216 490 3285 87.
511 3214 561 3277 89.
583 3212 637 3278 90.
658 3214 709 3278 92.
747 3219 861 3300 Neque
891 3241 972 3302 opus
999 3232 1049 3283 eat
1069 3232 1154 3285 curu

107 3307 387 3370 Blomfieldieno
406 3303 587 3365 describere
607 3320 736 3363 versusz

310 3407 434 3495 σέβομαι
452 3404 506 3489 μὲν
520 3401 734 3489 προσιδέσθαι,
754 3405 880 3492 σέβομαι
899 3404 934 3470 δ’

471 3487 561 3552 ἀντία
587 3484 670 3564 λέξαι

371 3573 461 3639 σέθεν
479 3572 596 3658 α’ρχαὶῳ
619 3570 689 3656 περὶ
706 3568 818 3656 τάρβει.

109 3693 182 3773 Qua
206 3694 410 3757 ordinatione
436 3690 539 3754 metra
564 3690 821 3773 pessumdantur.
862 3692 979 3753 Utrum
1007 3711 1143 3774 anapae-

107 3783 203 3838 sticus
229 3801 270 3839 an
298 3784 435 3842 ionicus·
451 3797 562 3840 versus
591 3780 788 3837 constituere
813 3774 954 3835 voluerit
977 3774 1142 3838 Blomfiel·

26 3916 28 3925 .
107 3858 190 3953 dius,
211 3867 281 3924 iure
305 3865 444 3925 dubitas.
480 3856 963 4002 ’81.ιηαριιεῐὶιοι,Ροὶξιιιᾱιιιιι
981 3860 1063 3920 talea
1083 3878 1141 3938 pe·
1242 3916 1246 3921 ,
