2717 4600
498 216 773 265 -sot-

21 362 22 371 *
113 364 187 451 tuit.
230 359 360 447 Sciiicet
381 385 501 449 solutio
523 386 639 468 longae
660 386 806 468 syllabae
825 391 1012 469 praesertim
1034 394 1072 448 in
1094 406 1152 450 ne·

113 475 351 616 mipgoproprie
371 471 562 550 frequenter
580 478 681 547 etiam*
700 472 853 534 diverbiis
875 477 1068 533 continetur.
1098 474 1149 536 Cf.

113 577 144 617 v.
227 599 237 616 .

195 683 227 724 v.
249 658 320 722 513.
360 660 472 748 Vulgo
496 657 548 743 μὲν
571 658 631 746 γὰρ
646 663 787 745 iegitur,
816 684 952 743 quarum
980 666 1152 745 particula-

111 765 184 804 rum
213 757 285 806 ntra
307 748 383 826 ejici
408 747 534 820 debeat,
562 750 615 809 vix
642 752 756 828 quaeri
783 758 899 829 potest.
951 747 1095 808 Omnino
1115 754 1152 809 in

113 830 249 900 melicis,
276 830 363 908 quod
389 852 426 891 ex
454 854 563 893 eorum
590 832 702 893 indole
733 842 841 915 patet,
874 835 1151 910 conjunctionum,

113 914 233 993 quibus
258 920 430 993 sequentia
460 939 533 977 cum
560 921 741 998 praeteritis
774 925 1020 991 connectuntur,
1051 921 1153 977 rarior

113 1009 163 1058 est
191 1008 278 1058 usus.
330 1000 383 1059 De
409 1005 519 1080 spuria
545 996 704 1082 particula
733 994 792 1078 γὰρ
821 1000 897 1061 vido
925 1011 1017 1060 notas
1049 1000 1089 1061 ad
1118 1023 1150 1064 v.

113 1078 185 1143 516.
208 1094 243 1142 et
262 1077 335 1144 525.
376 1084 457 1143 Cum
479 1096 645 1163 praeterea
663 1088 699 1143 in
723 1082 924 1164 antistrophe
944 1078 996 1160 μὲν
1016 1084 1151 1166 legatur,

78 1216 82 1221 .
112 1166 168 1225 hic
191 1186 322 1244 quoque
340 1170 377 1227 iu
397 1168 566 1229 simillimo
590 1187 686 1227 versu
705 1166 842 1227 eandem
866 1168 1057 1247 particulam
1078 1191 1153 1231 cum
1233 1172 1235 1177 ’

113 1249 271 1320 Arnaldo,
299 1251 450 1323 Pomone,
479 1262 512 1311 et
540 1250 671 1311 Butlaro
701 1254 888 1315 retinemus.
934 1250 986 1311 Ob
1016 1247 1157 1312 eandem·

101 1355 244 1395 ,causam
271 1330 380 1409 ἄγαγεν
405 1333 598 1395 reduximus.
651 1334 717 1394 Cur
743 1339 832 1397 enim
858 1332 1049 1414 Aeschylus,
1079 1336 1154 1403 reli-

114 1421 189 1496 quis
210 1421 247 1476 in
268 1415 399 1497 stropha
421 1429 455 1479 et
475 1419 676 1499 antistrophe
702 1429 770 1478 tam
797 1429 946 1479 accurate
967 1424 1154 1500 conspiran-

21 1514 22 1517 ’
114 1503 215 1570 tibus,
234 1497 292 1563 has
314 1500 433 1561 formas
455 1498 566 1585 ἤγαγεν
586 1514 619 1562 et
642 1499 760 1580 ἄγαγου
788 1507 860 1562 sine
889 1523 984 1562 causa
1010 1508 1154 1564 variave-

115 1586 180 1644 rit?
202 1585 369 1645 Caeterum
390 1597 503 1647 notum
524 1597 581 1660 est,
603 1599 806 1667 quantopere
825 1589 947 1651 scenici
970 1590 1007 1646 in
1036 1587 1152 1647 iisdem

113 1668 318 1749 stropharum
341 1680 374 1729 et
391 1668 662 1752 antistropharum
683 1673 764 1733 locis
786 1671 898 1733 eadem
918 1671 1075 1731 vocabula
1097 1690 1154 1753 po·

105 1773 192 1812 nere
215 1757 401 1815 amaverint.
444 1755 527 1819 Vide
553 1755 673 1835 Reisig.
706 1758 849 1832 Conject.
878 1758 916 1813 in
942 1751 1105 1836 Aristoph.
1128 1757 1154 1814 Ι.

112 1857 145 1917 p.
171 1831 239 1900 137.
262 1834 331 1897 193.
349 1838 525 1900 Wellauer.
547 1838 588 1900 de
608 1839 842 1920 Thesmophor.
863 1860 894 1919 p.
915 1831 966 1899 54.
985 1839 1096 1903 Herm.
1115 1843 1154 1898 in

112 1920 199 2000 Epit.
221 1920 322 1982 doctr.
343 1933 436 1985 metr.
458 1943 491 2004 p.
517 1918 590 1989 276.
613 1934 647 1984 et
666 1924 785 1985 multos
810 1923 899 1985 alios.

197 2073 229 2115 v.
252 2049 323 2113 520.
364 2046 471 2112 Ho'tvt’
494 2064 544 2113 est
563 2055 713 2134 pluralis:
743 2076 895 2124 ..omnem
916 2055 1003 2115 hauc
1024 2056 1154 2116 calami·

112 2144 248 2197 tatem.“
290 2139 333 2194 In
350 2136 621 2216 praecedentibus
642 2137 683 2197 ad
703 2140 803 2199 rerba
821 2136 929 2210 ἄγαγεν
951 2149 985 2198 et
1006 2133 1165 2199 ἀπώλεσεν·

114 2224 308 2300 cogitatione
322 2218 539 2302 supplendum
549 2230 598 2280 est
614 2222 788 2300 objectum,
801 2225 955 2281 nimirum
970 2228 1152 2285 exercitum.
1202 2224 1207 2231 ’

199 2374 230 2415 v.
251 2349 323 2415 521.
370 2351 456 2434 Quia
483 2356 520 2412 in
548 2346 724 2434 δυσφρόνως
744 2365 883 2436 systema
912 2353 1037 2424 finitur,
1058 2377 1153 2416 voces

113 2430 265 2518 βαρίδεσσι
285 2436 419 2505 ποντίαις
440 2458 478 2497 ec
495 2442 595 2518 magis
617 2438 656 2497 ad
676 2443 846 2516 sequentia
864 2438 990 2498 trahere
1008 2443 1044 2498 in
1064 2455 1155 2500 rnen-

114 2532 182 2580 tem
203 2522 301 2581 alicui
323 2525 437 2584 venire
457 2534 577 2601 posset,
599 2522 692 2602 quod
713 2544 799 2601 quea
819 2522 919 2583 verba
935 2525 982 2581 in
1004 2527 1155 2584 arttistro·

113 2605 179 2686 pha
197 2605 407 2687 respondent,
431 2605 528 2686 vulgo
557 2606 597 2666 ad
625 2610 799 2685 sequentia
826 2606 1053 2685 adjunguntur.
1091 2610 1154 2668 Ne·

115 2710 181 2767 qua
204 2694 316 2770 inepte
341 2683 495 2771 βαρίδεσσι
518 2709 552 2749 π.
572 2684 709 2771 ἀβλαβὴς
738 2701 1019 2760 connecterentur,
1040 2703 1171 2773 utpote·

114 2794 199 2849 quae
226 2773 449 2855 significarent
474 2794 565 2843 „non
595 2774 735 2835 afferens
757 2773 911 2836 darnnurn
935 2794 993 2854 per
1020 2784 1154 2836 neves.“

114 2852 157 2914 At
176 2858 283 2916 obstat
305 2857 442 2938 diligens
468 2868 503 2916 et
530 2871 678 2919 accurata
707 2858 928 2940 antistrophae
955 2861 1156 2940 contempla·

114 2942 172 2998 tio.
218 2938 268 2997 Cf.
291 2951 402 3000 notam
421 2939 462 2999 ad
483 2963 514 3002 v.
534 2940 607 3002 530.
625 2976 670 2988 -
701 2941 864 3014 ,sehotu
886 2935 1056 3022 βαρίδεσσι]
1079 2963 1156 3003 ναυ-

115 3021 171 3097 σίν,
199 3017 262 3080 ἀπὸ
286 3017 415 3103 Βάρεαις
439 3016 554 3095 πόλεως
586 3026 723 3105 Περσῶν.
752 3018 953 3107 καλουμέυαις.
998 3023 1091 3100 Λέγει
1121 3022 1155 3086 δὲ

114 3103 355 3185 καταχρηστικῶς
383 3101 446 3164 ἀπὸ
472 3104 597 3189 μέρους*
629 3104 666 3168 οὐ
685 3104 744 3190 γὰρ
765 3108 841 3187 ἦσαν
861 3110 960 3168 πᾶσαι
988 3106 1023 3168 αῖ
1039 3108 1153 3193 Ξέρξου

115 3191 180 3268 νῆες
201 3185 318 3271 βαρίδες
339 3183 419 3250 ἀλλὰ
440 3184 528 3253 ἄλλαι
550 3187 601 3254 καὶ
622 3185 721 3251 ἄλλαι.

198 3342 230 3384 v.
247 3319 318 3383 522.
360 3322 557 3384 Redurimus
575 3317 665 3384 odem.
700 3326 782 3384 Nam
804 3321 891 3388 οὔπα
910 3345 1000 3387 mers
1017 3325 1152 3386 Heathii

114 3411 301 3487 conjectura
320 3418 380 3478 est,
400 3428 485 3486 quas
509 3430 552 3469 er
576 3408 662 3469 falsa
683 3409 748 3469 loci
772 3412 841 3471 inte
879 3413 1038 3470 retatione
1060 3414 1154 3491 erigi·

114 3512 190 3551 nem
213 3491 311 3551 duxit.
355 3490 406 3552 Ad
427 3487 561 3574 ἀβλαβὴς
580 3495 688 3553 animo
709 3431 1015 3574 repetasrioottwca.
1057 3495 1154 3556 Unde

114 3574 387 3657 strophaetotius
407 3574 462 3635 bic
484 3581 607 3637 exsistit
623 3597 755 3637 sensus:
774 3578 862 3650 „Cur
880 3576 1014 3637 tendam
1031 3578 1152 3638 Danas

113 3669 183 3718 tam
220 3664 370 3719 innoxius
401 3662 438 3734 (i.
468 3681 497 3721 e.
532 3661 688 3720 damnum
722 3681 791 3720 nen
823 3659 963 3720 afferens
997 3663 1151 3740 navibus)

115 3742 195 3801 olim
215 3744 367 3824 praefuit,
387 3763 463 3803 arcu
484 3749 542 3822 qui
561 3745 764 3816 decernebat,
791 3743 917 3804 civibus
946 3764 1038 3803 carus
1058 3745 1154 3805 Suae·

115 3844 188 3883 rum
206 3826 312 3886 durit‘
335 3832 358 3888 i.
379 3848 407 3888 a.
439 3828 527 3908 Quid
555 3847 615 3890 nes
642 3828 777 3888 tendens
814 3848 903 3888 nuuc
939 3834 1030 3907 juvat
1058 3829 1154 3890 Darii

115 3906 350 3990 ismeniam
376 3916 561 3994 tropeum,
584 3918 644 3995 qui
662 3923 834 3994 tamcpare
853 3915 950 3984 one.
976 3914 1154 3978 aarum
1244 3918 1249 3934 ’
