2717 4600
622 163 986 243 -οοὸι-Ψ

253 387 257 394 ·
315 375 348 417 r.
370 345 452 416 544.’
484 354 567 436 Post
577 350 732 431 στερηθείς
756 371 883 416 comnm
898 360 1077 440 mouimus,
1104 367 1206 437 quum
1221 378 1268 418 se·

234 444 370 520 quentia
389 461 465 502 cum
489 437 759 518 praecedentibus
782 451 869 500 arcte
896 441 1102 502 cohaereant.
1145 442 1268 503 Vertis:

234 527 362 603 „Luget
383 535 492 584 autem
512 527 618 584 virum
644 524 757 584 domus
786 524 895 595 vidua,
917 537 1068 606 parentes
1096 537 1268 586 autemur-

233 613 304 669 bati
324 610 451 687 ingenti
469 607 605 666 dolore“
624 628 667 670 sc.
687 611 793 670 virum
814 610 937 689 lugent,
964 610 1054 689 quod
1072 610 1266 672 subauditur.

234 695 364 751 Πενθεῖν
383 693 416 751 h.
438 691 461 751 1.
487 712 560 750 cum
589 690 713 773 duplici
744 713 808 751 ecc.
828 697 995 773 jungimur,-
1010 698 1070 772 qui
1091 697 1128 753 in
1154 695 1268 756 talibus

235 799 304 837 non
330 787 379 838 est
403 774 605 852 infrequens.
659 775 754 837 Conl.
777 776 937 837 Wunderi
954 775 1088 846 ‚Advers
1117 782 1154 838 in
1175 779 1268 859 Soph.

234 861 318 920 Phil.
338 881 370 940 p.
393 856 444 919 50.
456 859 469 880 ²
488 855 652 920 Nimirum
676 864 752 920 voci
780 864 899 920 πενθεῖν
921 866 1009 921 inest
1030 873 1158 944 praeter
1182 884 1270 924 suam

233 948 396 1027 propriam
411 946 590 1002 ‘notionem
621 944 811 1004 universalis
847 966 980 1025 quoque
1006 944 1149 1006 faciendi
1173 953 1269 1027 notio,

235 1050 318 1108 quae
339 1032 421 1107 regit
441 1026 528 1085 hunc
550 1027 688 1087 alterum
710 1032 929 1090 accusativum
951 1026 1015 1109 ἄχη.

185 1171 187 1180 ,
317 1112 480 1171 Schuetzii
506 1114 707 1191 ingeniosam
733 1117 965 1173 correctionem
993 1109 1101 1186 τοκέες,
1134 1135 1198 1194 qua
1225 1115 1271 1176 lo·

235 1219 290 1258 cus
313 1200 436 1276 optime
450 1206 591 1266 sanatur,
613 1196 750 1277 amplexi
764 1217 884 1256 sumus.
908 1197 1056 1258 Occurrit
1067 1196 1165 1267 τοκέες
1184 1221 1212 1260 v.
1224 1194 1271 1260 64.

315 1279 502 1339 Delendum
530 1273 673 1353 δάκρυσιν
699 1276 847 1360 ἔρῥανται.
891 1282 1036 1343 Varietas
1064 1284 1214 1343 lectbnis
1241 1297 1273 1345 et

238 1364 344 1424 Schol.
365 1361 402 1421 A.
426 1374 512 1435 nota,
536 1362 777 1434 difficultatem,
799 1384 883 1443 qliae
914 1363 947 1425 h.
968 1366 991 1426 l.
1012 1372 1124 1427 sensui
1145 1378 1177 1426 et
1199 1391 1273 1429 con-

238 1453 410 1509 structioni
431 1451 519 1521 insit,
541 1449 762 1530 interpolandl
781 1453 982 1510 occasionem
1004 1452 1203 1532 praebuisse,
1225 1454 1273 1512 lu·

234 1535 380 1594 colenter
401 1531 633 1593 demonstrant.
652 1566 694 1577 —
713 1533 841 1594 sVoces
872 1530 904 1593 ἐν
926 1530 1051 1617 δάκρυσι
1077 1557 1166 1596 mere
1193 1540 1273 1596 Tur-

233 1621 312 1680 nebi
334 1622 520 1696 conjectura
541 1638 611 1677 esse
629 1617 792 1678 videntur.

315 1749 347 1789 v.
370 1717 442 1784 546.
484 1721 562 1784 Post
578 1721 714 1805 γέροντες
735 1745 861 1786 comme
889 1725 1078 1788 delevimus.
1123 1729 1176 1788 De
1199 1752 1274 1789 con-

232 1813 363 1871 fusione
384 1809 561 1869 formarum
577 1804 723 1891 δύρεσθαι
745 1821 779 1869 et
800 1804 965 1892 ὀδύρεσθαι
986 1812 1073 1873 conf.
1095 1813 1210 1874 Ehusl.
1234 1816 1272 1875 ad

231 1898 310 1958 Eur.
330 1893 418 1955 Med.
436 1915 468 1974 p.
488 1891 559 1957 100.
580 1894 630 1955 ed.
650 1895 740 1976 Lips.
1216 1939 1221 1943 »
1330 1921 1331 1924 ’

474 2025 610 2110 Stropha
639 2040 673 2089 et
701 2023 900 2110 antistropha
921 2032 1028 2091 tertia.
1058 2007 1062 2013 ι

233 2763 402 2821 Trimetris
425 2757 592 2837 dactylicis
611 2767 762 2816 constant
781 2757 913 2840 stropha
926 2768 960 2818 et
980 2754 1194 2840 antistrophe.
1224 2758 1282 2819 Ul·

230 2851 331 2905 timus
357 2865 469 2905 versus
497 2841 684 2922 logaoedica
706 2843 839 2902 catalexi
869 2842 1033 2924 praeditus
1062 2854 1120 2902 est.
1168 2840 1227 2902 Ad
1249 2865 1280 2903 r.

171 2990 176 2995 ,
229 2925 303 2990 555.
337 2927 423 2988 conf.
452 2922 564 2984 Herm.
595 2923 701 2985 Elem.
732 2924 830 2986 doctr.
858 2937 950 2987 metr.
981 2946 1013 3006 p.
1037 2919 1086 2986 46.
1121 2938 1157 2986 et
1184 2926 1280 3008 Epit.

231 3014 438 3096 doctrnmetr.
464 3032 497 3092 p.
520 3006 572 3068 26.
616 3008 656 3067 In
683 3020 823 3090 utroque
843 3012 916 3071 loco
944 3005 999 3068 οὐκ
1027 3009 1068 3069 ed
1092 3010 1211 3071 Viteb.
1245 3009 1284 3070 fi·

229 3098 314 3169 dem,
336 3109 370 3158 et
389 3090 518 3173 <pilorum
538 3093 654 3152 calami
673 3099 755 3156 vitio
776 3100 931 3179 scriptum
948 3094 1076 3175 legitur.

309 3229 342 3269 v.
367 3201 439 3268 551.
485 3204 568 3264 Cum
587 3202 629 3262 H.
654 3199 765 3305 Steph.
780 3204 918 3285 aliisque
938 3202 1027 3278 (vide
1040 3203 1141 3262 etiam
1152 3201 1282 3262 Markl.

148 3322 151 3333 ⁴
227 3290 269 3353 ad
288 3290 394 3374 lphig.
413 3293 452 3352 T.
475 3281 563 3365 439.)
585 3281 807 3347 δεσποσυνοισιν
833 3286 1055 3370 praetulimus.

309 3421 340 3461 ν.
366 3396 442 3461 552.
481 3398 541 3458 Pro
562 3395 801 3476 προσπίπτοντες
822 3407 856 3457 et
877 3397 950 3457 aliis
974 3393 1169 3474 corruptelis
1202 3396 1289 3453 scri·

225 3488 348 3567 peimus
361 3484 610 3567 προσπίτνοῦντες
630 3479 772 3559 relegata
786 3481 922 3541 Stunleii
942 3477 1174 3539 emendatione
1201 3497 1290 3556 προ-

224 3569 383 3645 πίτνοντες,
403 3590 488 3647 quae
500 3568 584 3626 falsa
598 3568 777 3647 praesentis
791 3567 955 3646 participii
971 3563 1077 3623 forma
1094 3573 1154 3625 est.
1180 3560 1291 3621 Coni.

225 3651 353 3714 Passov.
371 3665 460 3716 recte
481 3653 521 3711 de
541 3650 635 3709 πιτνῶ
657 3653 911 3728 praecipientem
933 3648 1066 3709 in'Lex.
1092 3654 1139 3724 gr.
1162 3647 1215 3704 Τ.
1239 3645 1291 3707 'IL

223 3759 256 3819 Ρ.
279 3731 352 3802 475.
375 3749 410 3798 et
431 3737 542 3797 Herm.
564 3738 602 3793 in
621 3734 716 3792 Ceus.
740 3732 831 3795 Med.
853 3732 967 3793 Elmsl.
987 3752 1019 3812 p.
1043 3722 1106 3789 340
1128 3750 1210 3806 seq.
1236 3728 1293 3788 ed.

224 3822 315 3902 Lips.
365 3822 431 3880 Hic
480 3819 638 3881 raesentis
665 3820 838 3899 participio
867 3832 948 3898 opus
981 3825 1127 3876 eat=non
1159 3817 1297 3874 minus

224 3926 325 3984 quam
349 3925 382 3966 v.
406 3896 447 3963 42
573 3948 579 3959 .

532 4010 536 4027 ·
1200 3972 1298 4041 οίίτ’
