2717 4600
599 184 650 202 ..
703 155 773 236 154
804 180 872 198 ,-

217 349 274 408 vit.
313 340 454 428 Vulgata
474 342 671 405 vero-lectio
691 343 866 420 imaginem
885 341 1047 419 poeticam
1076 335 1193 410 aufert,
1221 356 1257 394 ac

220 432 352 499 criticis,
373 448 441 488 non
460 438 587 507 poetae,
605 429 762 507 originem
793 425 912 483 debere
924 422 1062 484 videtur.
1105 422 1259 479 Restitui-

219 536 292 577 mus
310 533 385 593 ergo
403 515 578 590 genuinam
597 511 782 571 lectionem.
824 507 973 566 Occurrit
992 509 1089 566 etiam
1109 504 1178 563 Pan
1196 499 1260 562 ati-

219 593 374 673 πλαγκτος
400 595 495 674 Soph.
524 594 578 673 Aj.
609 587 682 655 694.
710 593 759 652 Cf.
789 603 900 651 notam
932 589 973 649 ad
996 609 1028 651 v.
1051 582 1125 652 446.
1170 590 1260 648 Ceta-

118 740 123 747 .
221 703 295 741 rum
316 678 498 740 addendum
519 689 579 748 eat,
598 674 782 739 Hermanni
802 674 843 735 ad
857 672 953 754 Soph.
972 674 1036 733 Ic.
1058 676 1260 743 sententiam,

222 788 260 826 er
293 779 358 842 qua
393 755 611 837 diiuiayurocz
653 763 777 836 „multo
813 763 1037 838 navigantium
1071 760 1261 816 commercio

223 849 453 926 frequentata“
479 849 709 927 interpretatur
726 847 764 907 V.
785 842 827 913 8.,
847 849 901 906 vir
922 847 1075 921 cuiquam
1092 842 1261 935 probatum

225 953 277 993 111·
309 1034 342 1076 v.
360 1005 432 1078 276.
474 990 657 1092 Κᾶργῆστης
681 980 755 1072 cuni
779 1006 873 1085 Aldo,
896 1008 1041 1082 Robora,
1063 1007 1205 1068 Porsena
1231 1018 1263 1065 et

225 1096 431 1156 Blomfieldio
461 1101 663 1177 scripsimus.
724 1097 829 1156 Voces
862 1114 922 1175 per
965 1095 1072 1151 crasin
1104 1112 1265 1151 connexae
1335 1106 1336 1109 ’

226 1202 294 1242 ηοη
321 1180 460 1261 amplius
481 1178 622 1261 disjungi
643 1181 775 1241 debent.
1102 1180 1104 1185 ’

224 1344 230 1349 -
308 1300 432 1369 12278.
480 1305 522 1365 In
539 1305 640 1377 ,libris
670 1316 727 1364 aut
750 1297 894 1386 κύρωσον
919 1312 976 1362 aut
1003 1296 1133 1383 πόρισον,
1160 1322 1267 1380 neque

227 1400 339 1450 tamen
357 1381 512 1468 ’κύρωσον
535 1399 592 1447 aut
613 1382 772 1469 ἐκύρισσον
798 1384 926 1469 legitur.
971 1386 1078 1466 Quam
1105 1390 1268 1466 augmenti

229 1477 437 1532 omissionem
459 1492 496 1531 ex
515 1476 598 1531 crasi
618 1484 730 1535 natam
749 1494 831 1543 cese,
852 1474 979 1553 opinati
998 1480 1076 1531 sunt
1097 1475 1201 1530 critici
1221 1491 1269 1529 re·
1318 1534 1321 1539 Α

229 1561 399 1616 cautiores.
422 1555 472 1615 Cf.
490 1557 611 1636 Reisig.
643 1554 842 1636 iri-Coniect
867 1559 905 1616 in
923 1553 1084 1635 Aristoph.
1105 1555 1162 1613 lib.
1181 1554 1208 1612 1.
1235 1575 1267 1634 p.

226 1635 268 1706 78
289 1661 359 1718 seq.
401 1640 596 1699 Elmeleium
624 1640 665 1701 ad
687 1640 800 1721 Eurip.
829 1637 971 1698 Bacchas
990 1661 1020 1699 v.
1044 1636 1134 1698 1132.
1160 1638 1269 1696 Herm.

229 1723 333 1784 Praef.
355 1724 396 1783 ed
415 1723 528 1803 Eurip.
545 1724 688 1783 Bacchas
709 1745 741 1804 p.
754 1724 836 1783 XIII
857 1745 924 1801 seq.
966 1721 1118 1782 Attamen
1139 1725 1177 1780 in
1185 1724 1270 1803 Epit.

230 1807 330 1866 doctr.
360 1817 455 1867 meta
478 1828 511 1888 p.
531 1805 598 1869 33.v
617 1828 689 1867 eam
715 1813 822 1867 crasin
848 1806 1032 1888 repudiavit
1058 1807 1270 1881 Hermannus,

230 1912 306 1950 cum
323 1891 496 1970 proferretr
519 1890 651 1970 „Quare
669 1892 756 1951 male
772 1891 871 1950 scribi
890 1890 1020 1952 videtur
1038 1883 1194 1967 νικώμενοι
1210 1880 1270 1948 ’κύ-

229 1991 336 2055 ρισσον
353 1981 439 2034 etc.“
479 1971 590 2052 Atque
621 1983 670 2033 est
699 1995 789 2059 sane,
813 1974 905 2052 quod
932 1978 970 2034 in
987 1978 1134 2034 trimetro
1161 1973 1268 2033 huius·

230 2058 323 2117 modi
344 2061 450 2119 cresin
468 2061 506 2115 in
528 2058 766 2118 dubitationem
785 2078 893 2128 voces,
922 2062 1113 2139 praesertim
1139 2079 1205 2117 cam
1225 2059 1265 2116 Ii·

232 2142 286 2201 bri
306 2144 518 2221 manuscripti
536 2151 569 2201 et
590 2140 670 2200 editi
690 2144 819 2220 antiqui
839 2142 1038 2203 obnituntur.
1079 2143 1165 2203 Novi
1181 2141 1266 2220 quid,
1335 2130 1337 2179 Ῐ

235 2228 435 2285 auctoritatis
451 2223 541 2303 quod
561 2245 670 2306 expers
694 2230 745 2300 eit,
769 2224 924 2305 quodque
940 2245 1055 2308 parum
1073 2247 1150 2307 prae
1171 2247 1205 2284 se
1225 2225 1272 2285 ie-

233 2319 285 2368 rat
304 2310 553 2388 probabilitatis,
567 2313 602 2367 in
621 2320 744 2384 textum
764 2309 969 2371 introducere
988 2316 1086 2370 nimis
1106 2310 1207 2370 audax
1227 2331 1273 2369 es-

235 2413 271 2452 se
291 2391 420 2451 facinus
441 2397 669 2458 existimamus.
713 2389 776 2454 Sed
803 2392 843 2453 de
872 2405 1042 2473 augmento
1071 2395 1218 2456 tollendo
1244 2405 1282 2462 et¹

235 2477 418 2544 retinendo,
447 2484 593 2536 accurate
627 2473 788 2536 disserunt
825 2478 922 2538 hodie
963 2482 1027 2540 viri
1062 2479 1275 2538 celeberrimi.

235 2560 334 2639 'Quod
355 2581 432 2621 vero
454 2553 550 2620 valde
571 2560 824 2635 dolendurnast,
845 2563 977 2622 nonita
999 2566 1202 2642 antiquitatis
1224 2584 1279 2623 ve-

238 2647 332 2723 stigia
347 2649 525 2703 consectari
544 2642 680 2722 eiusque
699 2655 797 2702 nutus
820 2646 1000 2718 observare,
1019 2668 1117 2726 quam
1132 2667 1189 2705 sua
1202 2666 1280 2726 poe·

238 2731 280 2786 tis
312 2731 493 2807 supposita,
530 2727 624 2786 librie
652 2729 816 2786 'veteribus
842 2730 1005 2789 inculcata
1039 2725 1215 2809 systemata
1247 2740 1281 2790 et

238 2809 327 2869 ideas
347 2810 499 2889 proferre,
522 2833 558 2869 ex
585 2814 693 2888 iisque
713 2812 891 2891 tragoedias
914 2835 983 2873 non
1010 2835 1081 2873 raro
1103 2820 1205 2895 magis
1227 2813 1282 2873 de·

188 2891 197 2906 ⁸
238 2911 374 2974 pravare
395 2915 493 2972 quam
513 2894 684 2953 emendare
709 2893 870 2957 videntur.
912 2898 995 2957 Inde
1018 2897 1066 2968 fit,
1094 2909 1131 2957 ut
1156 2902 1218 2976 qui
1239 2902 1282 2956 si·

242 2980 352 3034 neira
384 2986 417 3036 et
437 2976 542 3036 studio
571 2998 609 3037 ea
632 2983 807 3039 certamina
835 2982 1093 3063 contemplatur,'
1109 2987 1283 3043 veritatem

240 3057 410 3138 hucusque
425 3068 585 3141 repertam
603 3064 639 3120 in
660 3062 800 3141 luceque
819 3069 957 3144 positam
976 3088 1056 3138 esse,
1084 3067 1138 3126 vir
1159 3066 1281 3126 credat.

239 3142 305 3202 Hic
324 3161 391 3202 non
411 3156 460 3204 est
479 3146 570 3204 locus
593 3150 662 3205 eiu's
690 3152 872 3209 sententiae
890 3149 1040 3209 tuendae.
1084 3146 1207 3209 Confer
1234 3161 1285 3209 ta-

241 3239 319 3285 men
348 3242 432 3306 qua'e
459 3225 545 3287 infra
580 3228 619 3288 de
654 3233 825 3309 augmenti<
851 3238 1025 3293 omissione
1059 3232 1284 3293 disseruimus.

241 3308 336 3369 Nunc
358 3309 420 3371 hoc
439 3317 566 3370 tantum
588 3333 768 3384 monemus,
791 3313 829 3373 in
857 3337 892 3376 re
911 3327 978 3376 tam
1000 3318 1098 3376 dubia
1125 3329 1158 3376 et
1179 3323 1287 3376 tantis

243 3395 380 3454 obnoxia
398 3392 647 3454 difficultatibus
675 3400 814 3476 primum
841 3411 874 3459 et
891 3423 1051 3459 summum
1077 3423 1148 3461 esse
1177 3405 1289 3460 critici

243 3474 399 3551 officium,
419 3481 607 3538 testimonia
633 3484 767 3558 antiqua
793 3494 826 3541 et
852 3501 978 3564 semper
1005 3488 1041 3543 in
1068 3498 1199 3565 promtu
1228 3483 1291 3544 ha-

242 3559 331 3631 bere,
363 3572 395 3622 et
412 3566 541 3621 maximi
567 3562 675 3621 facere
698 3585 808 3623 eorum
830 3572 1061 3642 auctoritatem,
1092 3574 1291 3648 praesertim

174 3695 181 3701 .
233 3643 311 3712 ubi,
334 3646 422 3722 quod
442 3651 478 3703 in
499 3657 645 3705 nostrum
658 3647 743 3706 cadit
759 3649 878 3719 Iocum,
899 3651 940 3711 ad
959 3673 1062 3712 unum
1077 3657 1186 3711 onmia
1209 3675 1292 3712 con·

244 3729 396 3788 sentiant.
439 3727 488 3789 Er
503 3729 598 3818 iibris
614 3733 710 3809 igitur
730 3737 945 3793 restituimus:
966 3730 1117 3815 νικώμενοι
1131 3731 1292 3817 adorabor.

238 3889 246 3894 -
280 3836 283 3843 ’
326 3870 357 3912 r.
380 3849 453 3914 280.
489 3853 660 3933 Quoniam
678 3852 813 3921 Arctous
841 3860 911 3920 Nili
927 3861 1077 3924 fontibm
1097 3863 1211 3923 accola
1241 3864 1296 3925 di·
