2717 4600
504 204 772 273 -un-

112 379 145 432 v.
169 370 226 457 531
251 394 318 451 seq.
340 404 378 420 -
423 371 545 435 Λόκουι
565 381 638 437 sine
661 375 855 459 apostrophe
874 380 1072 460 scripsimus,
1100 401 1154 438 cu·

16 540 19 547 Ι
91 461 165 517 ius
186 463 234 517 rei
254 457 341 516 infre
362 463 519 521 rationem
545 462 756 523 reddidimus.
1078 458 1082 465 ’

197 595 227 635 v.
252 571 321 638 161.
365 573 425 635 Pro
457 570 605 667 ἀλλήλῃσι
641 560 1010 652 reduximus'eitiiiotn
1042 599 1079 637 er
1106 581 1148 639 K.

112 661 205 718 Cant.
225 659 255 717 2.
279 658 420 740 Gueiph.
444 660 551 720 Viteb.
571 674 604 722 et
623 663 721 732 Rob.‚
740 663 829 742 quod
851 662 968 720 melius
990 662 1029 733 ad
1050 657 1151 721 τούτω

110 736 245 801 01οῠτώ
266 743 412 821 quadrat.
453 745 619 804 Feminini
638 745 744 806 forma
768 747 818 805 nil
839 756 889 807 est
912 749 976 804 nisi
995 752 1150 829 correctio

110 830 297 885 criticorum
318 828 531 891 acutulorum.
572 831 714 910 Insignis
735 842 844 891 autem
872 840 922 888 est
948 841 1025 888 nota
1045 831 1150 890 Schol.

107 911 145 970 B.
167 906 275 985 ἰστέον,
304 907 351 973 ὅτι
376 906 477 988 ἐπειδὴ
500 907 592 974 αὐτοὶ
617 908 687 972 δέον
713 913 811 986 εἰπεῖν,
839 908 997 990 ἀρσενικῶς
1022 910 1151 991 ἐξήνεγκε

107 989 179 1054 κατ’
205 986 337 1071 Ἀττικὴν
360 989 528 1071 συνήθειαι,
557 992 625 1056 ἀντὶ
651 998 709 1055 τοῦ
737 992 829 1055 αὐταὶ
848 991 949 1055 τούτω
969 992 1070 1072 εἰπών,
1098 993 1150 1056 διὰ

107 1080 201 1138 τοῦτο
220 1074 272 1135 καὶ
290 1073 326 1135 τὸ
348 1072 489 1155 ἀλλήλοις
510 1075 669 1158 ἀρσενικῶς
688 1070 765 1157 πρὸς
784 1080 876 1139 τοῦτο
898 1074 1059 1141 ἀπέδωκεν.
1088 1078 1150 1140 Οὕ-

105 1182 167 1233 τως
193 1157 253 1241 γὰρ
282 1159 313 1221 ἐν
338 1164 413 1221 πᾶσι
448 1167 513 1232 τοῖς
539 1158 680 1233 παλαιοῖς
706 1158 832 1246 βιβλίοις
863 1158 977 1245 εἴρηται
1013 1159 1063 1223 διὰ
1095 1166 1148 1236 τῖς

14 1276 23 1317 ·,
109 1243 202 1307 Orci
222 1249 244 1305 1
261 1240 433 1323 διφθόγγοιι
449 1243 647 1328 γραφόμενοι.

191 1356 313 1426 0161.
355 1365 417 1424 Ριο
437 1358 484 1423 X'
505 1359 525 1442 ἦ
547 1366 663 1425 melius
684 1365 813 1427 videtur
829 1338 895 1442 ’Χῄ

191 1504 222 1542 v.
246 1476 316 1541 165.
358 1482 441 1540 Cum
462 1482 669 1542 Blomfieldio
688 1480 719 1540 ἐν
733 1476 839 1560 ἢνὶοιισι
858 1476 891 1542 τ’
913 1502 1070 1564 reponere
1088 1505 1146 1563 pro

108 1562 150 1641 δ’,
170 1587 238 1626 000
259 1587 339 1647 opus
353 1576 412 1634 est,
432 1588 506 1624 cum
526 1560 560 1625 δὲ
580 1571 768 1648 saepissime
792 1565 878 1649 apud
895 1571 1043 1646 tragicos,
1055 1587 1147 1647 pree-

12 1714 14 1717 ,
107 1655 218 1710 sertim
247 1653 283 1708 in
308 1651 558 1720 narrationibus,
594 1653 651 1710 ubi
679 1655 844 1732 epicorum
874 1669 1055 1710 sermonem
1082 1671 1147 1709 am-

105 1734 191 1815 plexi
212 1744 288 1793 sunt
308 1737 431 1813 tragici,
455 1735 592 1816 copulae
613 1745 741 1795 tantum
764 1738 869 1797 vicem
891 1738 1058 1793 sustineat.

187 1873 218 1913 v.
242 1846 310 1909 166.
353 1851 509 1911 Omnium
527 1863 813 1915 monumentorum
831 1851 1008 1911 lectionem
1028 1846 1080 1908 καὶ
1098 1870 1144 1930 χε-

102 1940 169 2015 ροῖν
186 1931 217 1993 ἐν
241 1935 276 2022 τῇ
298 1928 407 2015 δίφρον
434 1947 472 1995 ut
490 1941 743 2013 restitueremus,
763 1947 835 1996 tum
859 1940 1041 2003 auctoritas
1071 1957 1137 2013 qua

101 2040 140 2077 ea
162 2030 210 2082 est
229 2030 350 2091 ornata,
371 2030 443 2079 tum
461 2042 575 2080 sensus
593 2022 779 2102 postulavit.
807 2015 839 2076 ἓν
857 2020 896 2095 τῆ
922 2024 1065 2101 positum
1092 2032 1141 2077 est

99 2097 246 2170 δεικτικῶς
266 2124 324 2183 pro
346 2099 377 2161 ἐν
393 2097 488 2193 ταύτῃ
509 2106 547 2193 τῇ
567 2099 657 2179 daila,
676 2124 761 2182 quae
781 2113 830 2161 est
847 2084 1012 2161 sdntentia
1034 2102 1140 2161 Schol.

97 2189 134 2248 Β.
158 2188 232 2265 Quo
251 2185 338 2245 facto
359 2192 456 2266 χεροῖν
479 2191 641 2267 genitivus
670 2186 793 2266 pendet
819 2187 859 2244 ab
881 2182 912 2242 ἐν
931 2188 977 2272 τῇ.
1018 2187 1140 2245 Verum

98 2281 160 2340 ost,
184 2269 355 2329 articulum
377 2292 434 2351 pro
459 2269 710 2332 demonstrativo
740 2269 826 2351 apud
845 2265 968 2329 Atticos
1000 2289 1067 2328 000
1094 2273 1139 2327 ita

96 2357 291 2433 frequenter
308 2375 483 2415 occurrere.
504 2355 600 2416 (loni.
623 2355 733 2413 Herm.
758 2354 799 2413 ad
823 2354 892 2433 Vig.
916 2376 948 2433 p.
971 2348 1043 2417 700.
1075 2351 1140 2411 Sed

95 2442 213 2518 tragici
239 2438 377 2497 dialecto
404 2442 496 2519 epica
525 2460 593 2499 non
620 2460 692 2498 raro
714 2448 857 2497 utuntur.
900 2435 1009 2516 Atque
1037 2457 1140 2495 exem·

95 2525 154 2605 pia
175 2521 303 2581 articuli
324 2527 358 2584 vi
385 2522 628 2584 demonstrandi
655 2523 741 2602 apud
767 2525 903 2600 tragicos
927 2525 1027 2602 positi
1052 2521 1139 2598 larga

94 2629 198 2665 manu
226 2611 386 2685 congessit
409 2606 640 2666 Schwenckius
659 2607 699 2665 ad
721 2605 837 2667 Aesch.
859 2606 954 2665 Eum.
972 2601 1002 2671 ’1.
1031 2602 1138 2685 p.,92.

93 2693 206 2751 Etiam
226 2694 466 2772 praepositione
484 2690 699 2772 praecedente
721 2689 806 2770 apud
828 2694 915 2769 ipsos
933 2685 1058 2748 Atticos
1075 2688 1139 2746 fre·

11 2809 12 2812 ¹
94 2780 250 2854 quentior
286 2786 335 2834 est
366 2780 394 2834 is
425 2796 511 2833 usus.
554 2774 667 2855 Quid?
698 2774 805 2833 Schol.
828 2772 866 2837 A.
897 2773 1010 2833 eadem
1047 2793 1138 2853 repe·

93 2866 138 2920 tit
155 2860 263 2918 verba.
303 2855 450 2918 Annotat
476 2858 532 2918 ad.
546 2853 711 2935 ἕσσάιλαζει
734 2852 786 2917 καὶ
812 2850 863 2913 διὰ
890 2860 951 2915 τῶν
975 2858 1077 2937 χειρῶν
1106 2854 1137 2914 ἐν

92 2947 133 3033 τῇ
151 2944 207 3001 τοῦ
228 2936 339 3021 δίφρου
359 2941 412 3023 βίᾳ
431 2934 532 3023 ῥῆσσει
548 2937 741 3023 τὸν-δίφροι.
785 2940 878 3020 Quae
905 2942 1004 3002 verba
1026 2952 1136 2999 conta·

92 3030 244 3097 minavit,
273 3047 340 3085 non
362 3026 557 3107 emaculavit
578 3025 785 3098 Abreschius.
829 3026 885 3087 Nil
912 3036 981 3083 erat
1008 3036 1135 3084 mutan-

93 3113 176 3172 dum
197 3119 323 3189 praeter
339 3110 396 3168 τοῦ
418 3104 538 3188 δίφρου,
558 3110 646 3188 quod
667 3132 741 3170 cunr
760 3131 859 3170 sensu
881 3121 988 3169 careat
1004 3119 1037 3168 et
1059 3130 1134 3166 000-

93 3198 308 3257 structionem
321 3195 441 3262 turbet,
460 3198 651 3253 exstinctum
670 3195 820 3256 velimus.
864 3194 981 3271 Itaque
1000 3196 1028 3250 si
1047 3203 1134 3251 recte

91 3279 255 3347 videmus,
282 3277 390 3336 locum
420 3281 468 3338 sic
494 3289 620 3339 vertere
648 3279 834 3359 possumus:
864 3289 920 3348 „et
947 3277 1008 3335 hac
1034 3296 1134 3334 marm

91 3373 115 3427 i.
142 3385 171 3430 0.
195 3362 295 3425 altera
315 3382 415 3421 manu
433 3382 563 3424 currum
582 3362 736 3446 frangit.“
776 3364 819 3422 At
839 3361 929 3443 quod
945 3383 982 3420 ex
996 3357 1134 3433 Stanleji

91 3446 323 3509 emendatione
344 3467 456 3506 omnes
483 3457 610 3526 praeter
626 3448 803 3507 Heathium
826 3451 863 3508 in
889 3455 1008 3505 textum
1033 3441 1133 3500 adsci-

90 3542 213 3594 verunt
230 3525 308 3607 ἔιτη,
330 3540 528 3594 contractam
546 3530 690 3606 ¹formam
710 3551 768 3613 pro
790 3526 875 3593 ἔντεα
902 3548 969 3592 000
994 3525 1132 3608 amplius

90 3620 164 3697 pati
183 3618 358 3695 potuimus.

178 3726 300 3796 0161.
343 3732 483 3812 Vulgata
503 3725 716 3811 διασποράιτει
741 3733 902 3791 immerito
928 3726 1063 3810 depulsa
1083 3739 1132 3786 est

93 3838 112 3874 a
131 3815 304 3884 Brunckio,
325 3817 442 3892 quide
462 3838 520 3877 suo
538 3809 756 3897 διασπαράσσει
767 3815 943 3874 substituit.
988 3813 1132 3871 Censen-v

89 3905 135 3961 tit
164 3897 295 3977 quidem
318 3902 409 3961 Cant.
431 3901 461 3961 2.
492 3911 538 3968 et,
553 3904 684 3982 sequuti
713 3908 791 3962 sunt
809 3899 980 3967 Porsenus,
1009 3895 1129 3957 Schuc-
