2717 4600
477 158 527 177 ...
579 104 672 216 „,
697 155 753 173 ..

30 306 32 313 Α
101 342 174 405 pere
203 317 349 387 videtur,
378 317 485 394 quasi«
498 306 614 376 Atoss'a
638 312 741 388 dicat,
762 312 908 401 Xerxem
935 307 1136 372 Athenarum

102 427 196 468 causa
215 409 252 464 in
279 403 497 482 gravissimam
525 419 666 481 poenam
695 402 881 468 incurrisse,
906 401 1030 478 quippe
1053 417 1136 476 quas
1163 446 1166 453 .

62 506 66 511 ’
102 489 291 556 incenderit,
311 496 345 549 et
356 488 488 546 ‘civium
507 504 640 562 quoque
660 483 844 564 supplicum
854 493 993 561 stragem
1011 481 1136 542 fecerit.

102 573 252 635 Herodot.
280 566 372 629 Vnt.
400 565 451 629 53.
494 569 596 629 Nobis
622 588 699 628 vero
732 570 837 647 aptius
863 565 1002 634 videtur,
1027 563 1137 647 πικρὰν

101 656 240 737 τιμωρίαν
260 642 324 732 εὗρε
346 651 386 712 de
411 653 526 712 acerbo
548 655 634 710 exitu
652 651 797 724 ultionis,
832 671 930 729 quam
953 651 1072 710 Xerxes
1096 650 1137 710 de

100 740 235 804 Athenis
273 738 315 798 ob
348 731 477 796 cladem
509 735 748 795 Marathoniam
781 755 908 794 sumere
942 733 1137 806 decreverat,

102 830 212 906 accipi.
256 822 337 882 Nam
355 821 453 921 paulo
475 830 550 901 post
568 817 684 879 Atussa
711 820 792 880 haec
814 820 995 898 subjungitz
1022 809 1065 878 ὧν
1085 814 1138 878 οἷν-

99 910 217 970 τίποινα
229 910 301 974 παῖς
317 902 387 980 ἔμας
402 894 523 982 προέξειν
536 898 635 962 δοκῶν
644 936 687 948 -
695 921 721 961 τ.
730 923 801 961 mu.
814 899 964 960 ἒπέσπασε
971 900 986 976 ;’
999 925 1138 981 quorum

98 995 168 1054 scil.
201 988 291 1074 apud
316 988 544 1047 Marathonem
577 1008 742 1046 caesorum
779 987 904 1045 cladem
939 1009 1013 1046 cum
1046 987 1137 1046 filius

97 1099 189 1139 meus
207 1098 243 1136 se
260 1073 500 1135 vindicaturum
518 1082 672 1151 speraret,
692 1072 817 1130 tantam
839 1071 1060 1131 calamitatum
1072 1093 1139 1132 mo*

98 1165 165 1223 lem
187 1162 252 1220 eibi
274 1161 436 1217 attraxit.“
459 1154 660 1216 Schuetzius.
784 1156 807 1162 ”

170 1314 214 1366 ν.
238 1281 310 1350 445.
369 1286 560 1368 Elegantius
592 1287 714 1347 dictum
748 1299 814 1359 est,
850 1286 939 1366 quod
970 1291 1007 1346 in
1034 1289 1139 1347 tribus

102 1377 194 1443 codd.
215 1378 380 1436 invenitur
400 1367 532 1431 τοσῶνδε
552 1393 650 1453 quam
670 1367 803 1434 τοσόνδε.
824 1372 1028 1457 Quapropter
1048 1393 1140 1454 prae·

103 1464 292 1522 stantiorem
312 1457 466 1538 elegimus
487 1460 691 1538 scripturam.

100 1616 103 1621 ¹
185 1613 217 1653 r.
241 1582 330 1656 44Ί.-
356 1588 419 1648 ποῦ
438 1580 532 1647 τάσδ’
552 1581 661 1660 lisina
678 1608 780 1669 quum
800 1592 838 1646 in
855 1588 1025 1648 nonnullis
1046 1587 1138 1648 codd.

104 1690 138 1738 et
161 1675 249 1737 vedd.¹
269 1670 455 1754 corruptum
488 1675 531 1732 sit
556 1677 593 1732 in
620 1675 683 1734 ποῦ
710 1667 805 1732 τάσδ’
827 1667 931 1748 ἔλιπες,
959 1673 1140 1745 Brunckius

101 1773 230 1844 praeter
255 1763 479 1819 necessitatem
508 1759 570 1817 ποῦ
597 1752 688 1818 τάσδε
711 1753 743 1834 γ’
775 1750 868 1828 ἔλιπες
896 1762 1034 1839 scripsit.
1078 1756 1142 1817 Sed

102 1857 190 1906 amat
207 1843 388 1910 Branchius
406 1860 438 1914 γε
459 1844 651 1923 particulam
673 1842 874 1903 interlinere.
917 1845 983 1902 Nos
1007 1840 1142 1921 quidem

99 1928 338 2012 imperfectum,
367 1925 455 2004 quod
483 1932 706 2006 grammatices
726 1937 861 1987 tuentur
884 1932 1039 1999 rationes,
1066 1946 1141 1985 cum

99 2013 307 2085 Blomfieldio
332 2013 539 2071 retinuimus.

185 2166 219 2207 v.
241 2136 314 2203 448.
357 2141 583 2202 Blomfieldius
611 2143 685 2202 νεῶν
709 2145 846 2223 scripsit,
876 2164 975 2221 quam
994 2143 1144 2203 'formam

100 2231 293 2307 ubicunque
317 2246 376 2307 per
401 2237 541 2285 metrum
566 2226 672 2297 licuit,
693 2227 914 2308 reponendam
941 2229 1011 2306 (vel
1034 2232 1143 2311 potius

99 2311 347 2385 intrudendam)
365 2310 533 2390 judicavit,
550 2321 663 2392 utpote
684 2316 783 2392 magis
803 2309 953 2371 Atticam.
993 2312 1036 2371 At
1055 2312 1143 2373 conf.

101 2409 200 2458 notas
224 2397 315 2456 adv.
338 2392 412 2454 308.
438 2390 510 2474 327¹.
533 2392 606 2455 351.
647 2397 745 2457 Porro
769 2417 842 2455 curn
867 2398 1020 2456 Doricam
1045 2419 1145 2476 quam

47 2545 53 2552 ,
101 2483 221 2543 dicunt
240 2480 378 2539 formam
404 2500 436 2540 v.
453 2472 526 2540 425.
554 2479 718 2541 efficiatur
737 2478 935 2559 Aeschylum
963 2503 1145 2563 usurpasse,
1195 2500 1197 2504 ·

99 2588 164 2627 cur
181 2586 249 2625 non
270 2564 421 2623 omnibus
441 2564 533 2635 locis,
561 2566 681 2643 quibus
708 2566 790 2625 ναῶν
810 2565 964 2625 exhibent
984 2566 1063 2625 libri
1091 2566 1146 2627 vel
1228 2630 1231 2636 ⁸

98 2671 218 2713 omnes
245 2648 301 2710 vel
325 2652 465 2729 optimae
488 2660 603 2720 notae,
631 2671 706 2709 eum
729 2652 910 2730 genitivum
935 2653 1147 2734 retineamus,

96 2736 203 2819 plane
221 2754 290 2793 non
317 2736 473 2814 capimus.
883 2743 885 2749 “

185 2838 289 2900 Nouii
305 2833 339 2897 δὲ
358 2862 394 2899 ex
413 2837 485 2900 edd.
506 2852 634 2924 praeter
643 2842 728 2904 Rob.
749 2844 913 2913 omnibus,
932 2843 1024 2904 codd.
1042 2847 1148 2918 omni-

98 2929 183 2999 bus,
204 2936 237 2983 et
258 2922 364 2982 schol.
389 2935 528 3003 utroque
548 2929 753 2987 retinuimus.
781 2927 915 2990 Etenim
933 2929 1093 3011 particula
1114 2921 1148 2987 δὲ

99 3017 143 3072 in
164 3009 431 3089 responsionibus
449 3008 639 3087 frequenter
658 3013 783 3071 indicat
807 3013 1019 3088 objectiones,
1048 3035 1148 3092 quem
1181 3017 1186 3028 “

99 3115 206 3157 usum
236 3091 388 3172 exemplis
417 3089 575 3154 stabilivit
598 3093 743 3155 Erfurdt.
770 3095 811 3156 ad
836 3095 917 3158 Oed.
945 3098 986 3157 R.
1017 3118 1050 3157 v.
1072 3096 1145 3157 380.

101 3180 205 3260 Quae
231 3175 412 3256 explicandi
444 3181 539 3238 ratio¹
553 3179 648 3238 uobis
673 3183 775 3260 magis
806 3183 935 3254 arridet,
972 3202 1071 3259 quam
1109 3201 1148 3240 ea

99 3284 209 3345 qrram
239 3264 315 3320 iniit
341 3258 447 3319 Schol.
477 3261 514 3319 Β.
550 3250 639 3331 οὗτος
669 3257 688 3320 ὁ
720 3258 879 3342 σύνδεσμος
915 3258 1059 3342 συνάφεια
1086 3261 1150 3323 ἐστι

96 3342 186 3429 πρὸς
208 3340 262 3421 την
281 3338 346 3403 diu
368 3337 500 3421 διήγησιν
521 3339 618 3405 αὐτοῦ
636 3347 695 3405 τοῦ
711 3344 846 3427 ἀγγέλου,
866 3349 892 3410 εἰ
913 3348 965 3411 καὶ
983 3344 1034 3408 διὰ
1054 3345 1148 3425 μέσου

96 3428 274 3512 ἦἨτοσσα
297 3420 509 3487 ἄπεκλαὺσατο
538 3425 672 3507 τὴντῶν
692 3432 822 3514 Περσῶν
850 3430 1013 3514 δυστυχίαν.
1055 3434 1149 3494 Licet

97 3537 144 3578 ea
176 3516 331 3595 expositio
351 3533 418 3571 non
439 3513 573 3595 indigna
588 3519 631 3574 sit
650 3517 806 3600 Graecam
828 3520 973 3601 linguam
996 3518 1146 3579 callente.

95 3599 239 3659 Deinde
264 3593 412 3675 εὔκοσμον
439 3598 556 3659 melius
584 3600 634 3660 ad·
650 3596 723 3660 κατ’
753 3601 846 3677 οὐρον
872 3597 971 3684 atque
991 3604 1032 3664 ad
1053 3600 1152 3681 φανὴν

96 3681 258 3745 trabitur.
302 3681 398 3761 Quod
427 3686 557 3750 evincit,
575 3683 681 3745 Schol.
702 3686 750 3747 Ar
774 3685 807 3747 οἱ
830 3687 920 3760 ταγοὶ
945 3682 978 3747 δὲ
1006 3686 1057 3748 καὶ
1083 3685 1149 3765 ἦγε·

95 3762 194 3846 μόνος
214 3767 276 3834 τοῖν
294 3758 480 3851 λελειμμένων
506 3770 587 3854 νεῶν,
605 3764 700 3847 σύδην
725 3768 778 3831 καὶ
799 3765 965 3851 ὁρμητικῶς
991 3770 1150 3854 αἱροῦνται

97 3844 210 3930 φυγὴν
240 3843 310 3910 κατ’
341 3850 436 3933 οὖρον
463 3845 519 3912 οὐκ
543 3849 720 3935 εὔκοσμον.
741 3853 810 3936 ἤτοι
844 3852 901 3918 οὐκ
929 3854 961 3919 ἐν
993 3852 1149 3939 ἐπιτηδείῳ
