2717 4600
599 182 868 247 ..290-

224 350 231 406 ’.
297 353 349 413 De
366 355 463 434 primi
480 373 591 415 versus
613 369 767 412 mensura
784 354 907 433 ambigi
925 363 1042 433 potest,
1067 354 1164 412 aliam
1184 375 1257 414 sua·

215 437 271 498 det
293 436 475 519 strophicus
501 459 625 507 versus,
653 437 749 495 aliam
780 437 1038 518 antistrophicus.
1080 437 1257 518 Optionem

216 521 364 582 dedimus
391 521 516 582 lectori.
602 577 607 584 ,

297 629 410 698 utilit).
454 635 690 710 Blomfieldius‚
712 640 975 722 interrogationis
989 641 1079 717 signo
1092 641 1129 696 in
1146 660 1259 699 versus

167 749 171 758 ·
215 720 317 779 finem
346 726 561 802 transpositu,
596 725 709 781 venit:
747 727 842 801 „quis
871 734 966 802 neget
993 743 1046 781 me
1073 725 1259 803 perculsum

216 826 287 868 esse
307 816 399 864 tauto
423 810 573 874 exercitu,
597 808 618 863 i.
635 828 663 866 e.
690 807 779 885 quod
795 810 915 866 attinet
928 806 966 865 ad
985 811 1140 865 exercitus
1159 812 1260 885 jactu-

215 896 318 959 ra1n“‚
330 890 419 949 unde
436 893 558 949 exsistit
572 911 697 960 sensus,
716 896 774 968 qui
787 891 871 950 male
885 891 925 950 ad
937 891 1166 969 praecedentia
1181 912 1259 970 qua·

212 973 297 1046 diat.
347 974 412 1034 Nos
442 974 574 1054 quidem
601 978 869 1055 interpretamur:
902 974 1009 1053 „Quis
1037 977 1152 1055 neget?
1183 979 1206 1036 i.
1229 996 1257 1034 e.

217 1059 340 1118 Verum
361 1069 410 1117 est
431 1058 519 1137 quod
540 1057 632 1127 dicis,
658 1060 749 1118 bello
769 1060 909 1118 fractum
931 1080 1002 1118 esse
1020 1080 1122 1138 genus
1154 1058 1259 1119 Persa·

216 1162 307 1212 rum,
345 1163 486 1219 namque
515 1142 681 1221 perculsus
710 1165 782 1202 sum
807 1153 898 1202 tanto
935 1148 1076 1202 exercitu
1096 1143 1259 1223 ‘perdito“.

218 1226 329 1283 Minus
350 1226 436 1284 bene
456 1226 565 1284 locum
588 1231 735 1306 percepit
763 1226 869 1286 Schol.
889 1223 932 1284 A:
962 1228 1027 1295 πῶς
1055 1219 1087 1283 ’δὲ
1117 1222 1182 1303 οὐχί
1207 1218 1261 1284 κί-

216 1328 329 1385 πτομαι
347 1305 401 1367 καί
415 1304 584 1386 πέπληγμαι
604 1305 656 1367 καλ
676 1312 793 1391 θρηνῶ,
815 1312 965 1370 τοσοῦτον
987 1305 1117 1391 οτραοὸν
1140 1306 1246 1379 ὀλέσας
1252 1330 1262 1383 ;
1321 1333 1325 1342 ’

300 1446 332 1485 ν.
356 1422 428 1486 950.
473 1426 632 1485 Inutilem
653 1426 818 1487 Schuetzii
847 1431 1063 1506 coniecturam
1088 1425 1121 1483 τί
1138 1421 1171 1483 δ’
1191 1415 1261 1498 otim

216 1509 440 1588 relegavimus.
461 1510 492 1568 τί
511 1505 553 1584 d'3
577 1505 632 1586 οὐκ
651 1516 775 1592 primus
796 1514 923 1596 scripsit
946 1509 1117 1572 Stanleius.
1157 1510 1262 1567 Inter·

218 1596 392 1673 rogationis
414 1600 543 1674 signum
564 1616 632 1654 non
649 1595 792 1674 produnt
811 1594 969 1653 editiones
989 1603 1125 1651 veteres
1152 1591 1262 1651 Schol.

219 1674 259 1737 A.
282 1678 322 1737 de
343 1681 594 1758 interrogatione
616 1679 733 1737 dubius
755 1678 876 1738 haeret.
920 1676 969 1733 Ne
996 1679 1105 1733 statim
1127 1680 1163 1733 in
1187 1696 1264 1735 ana·

222 1766 308 1820 crusi
335 1783 395 1822 vox
424 1768 599 1822 consistere
625 1772 765 1839 cogatur,
794 1780 860 1837 qua
883 1779 919 1817 re
941 1759 1264 1829 metrum'turbatur,

218 1846 357 1925 legimus
377 1867 450 1906 cum
471 1848 622 1918 Passovio
643 1854 676 1902 et
697 1843 923 1901 Lachmann0=
944 1841 976 1899 τί
996 1837 1027 1899 δ’
1050 1839 1122 1914 oiim
1151 1838 1267 1902 ὄλωλεν

219 1950 247 1990 κ.
268 1948 294 1988 τ.
315 1930 340 1987 λ.
360 1931 617 2007 interrogationis
637 1930 728 2005 signo
747 1931 784 1985 in
804 1926 872 1985 fine
893 1945 1006 1984 versus
1029 1925 1148 1984 deleto.
1178 1927 1265 1985 Her·

219 2018 334 2074 manni
366 2017 582 2074 coniecturam
610 2015 647 2069 in
674 2010 800 2094 duobus
820 2008 914 2068 MSS.
942 2019 1102 2089 repertam
1126 2003 1265 2085 mytilus

220 2102 256 2158 in
280 2099 425 2158 ordinem
444 2097 638 2176 redegimus,
665 2115 774 2172 neque
793 2097 911 2151 minus
931 2092 1131 2150 Blomfieldii
1155 2098 1264 2152 conie-

222 2194 345 2242 cturam
372 2182 496 2258 Περσᾶν
525 2182 717 2260 recepimus.
772 2177 833 2239 Vix
866 2175 1094 2235 crediderimus
1130 2174 1265 2235 chorum

220 2268 411 2328 brevissimo
430 2269 533 2348 spatio
553 2263 674 2323 formas
698 2266 769 2324 sine
793 2282 891 2322 causa
910 2270 1133 2321 commutasse.
1167 2260 1263 2322 Conf.

222 2371 254 2412 v.
274 2345 348 2412 948.
368 2352 519 2411 Forsitan
537 2349 615 2408 libri
635 2347 691 2406 hic
713 2349 913 2428 negligenter
934 2344 1075 2426 inspecti
1092 2356 1179 2404 sunt.

305 2489 336 2531 v.
357 2450 433 2529 951.
476 2462 583 2530 Schol.
605 2462 641 2525 A.
665 2459 741 2545 ὁρᾶς
761 2460 799 2524 τὸ
819 2457 938 2541 λοιπόν]
970 2447 1064 2539 ἤγουν
1083 2464 1208 2543 θεαροῖς
1227 2458 1269 2521 τὸ
1346 2514 1347 2543 3

222 2546 380 2611 ἐπίλοιπον
405 2551 548 2629 λείψανον
565 2550 624 2608 τοῦ
650 2545 725 2626 ἐμοῦ
747 2542 867 2622 στόλου,
893 2544 986 2624 ἤγουν
1007 2547 1061 2622 τῆς
1082 2543 1151 2624 ἐμῆς
1173 2562 1268 2627 στρα-

215 2630 310 2777 grite,
333 2631 401 2712 ἤτοι
419 2630 646 2729 τὴνμμαρέτραν
668 2628 723 2710 τὴν
745 2625 982 2707 ἀπολειφθεῖσαν
1009 2626 1073 2688 eiad
1098 2632 1161 2689 τῶν
1188 2627 1267 2708 ἐμῶν

224 2740 264 2779 on
283 2738 334 2779 ιον.

306 2855 339 2895 v.
361 2829 433 2894 953.
474 2826 561 2891 τάνδε
578 2830 798 2912 recipiendum
815 2851 895 2899 esse,
913 2833 1074 2911 perspexit
1086 2836 1153 2907 jam
1161 2831 1266 2890 Lach-

224 2937 372 2976 mannus.
415 2915 622 2977 substantive
649 2916 728 2974 dixit
759 2926 855 2996 poeta
886 2907 904 2990 ἡ
931 2908 1133 2991 ὀϊοτοὸέγμων
1158 2910 1217 2994 pro
1246 2909 1265 2993 ἡ

226 2997 370 3081 φαρέτρα.
410 2999 518 3079 Quare
538 3010 612 3081 post
631 2993 847 3075 οιοτοιλίγμονα
870 3001 961 3077 signa
982 3001 1181 3097 interruptae
1196 3020 1266 3057 ora·

225 3089 325 3145 tionis
349 3105 418 3144 non
438 3094 515 3143 sunt
531 3082 693 3164 ponenda.
738 3083 897 3142 Similiter
918 3103 1016 3162 supra
1046 3075 1064 3157 ἡ
1095 3085 1265 3163 ανθεμουρ-

226 3163 289 3243 γός,
311 3178 344 3228 et
365 3162 384 3246 ἡ
402 3162 544 3244 ἀμίαντος
566 3167 687 3226 dixerat
703 3164 892 3246 Aeschylus,
913 3186 1099 3244 quanquam
1120 3167 1263 3225 nolimus

226 3253 414 3311 Hermanno
444 3252 495 3311 De
521 3254 639 3313 versib.
667 3272 753 3331 spur.
779 3273 828 3332 ap.
849 3248 967 3309 Aesch.
988 3271 1019 3330 p.
1038 3250 1096 3309 XI.
1124 3250 1265 3320 credere,

227 3335 308 3395 haec
331 3335 371 3393 ad
391 3335 532 3395 Orientis
551 3336 731 3416 exemplum
756 3356 825 3395 esse
847 3332 1058 3393 conformata.
1101 3334 1185 3394 Vide
1206 3355 1267 3393 uo·
1346 3358 1347 3361 ¹

226 3429 294 3478 tam
315 3417 355 3478 ad
375 3439 405 3479 v.
427 3414 497 3478 636.
540 3417 668 3478 Poterat
695 3423 784 3478 enim
812 3414 992 3496 Aeschylus
1017 3420 1146 3497 proprio
1175 3422 1280 3498 inge-.

228 3507 284 3561 nio
305 3503 390 3560 hanc
412 3501 541 3561 dicendi
559 3507 721 3565 rationem
736 3506 898 3571 invenire,
918 3521 1002 3578 quae
1016 3522 1123 3578 neque
1143 3522 1267 3581 agrae-

229 3606 286 3643 cae
314 3586 445 3664 linguae
476 3584 588 3644 indole
616 3586 773 3655 ahhorret.
824 3586 932 3665 Quare
962 3589 1006 3655 iis
1036 3605 1167 3665 quoque
1196 3606 1268 3644 non

229 3672 432 3741 assentimur,
453 3667 512 3747 qui
532 3689 589 3750 pro
612 3663 698 3728 τάνδε
718 3693 755 3731 ex
773 3675 959 3731 coniectura
979 3690 1149 3749 reposuere
1171 3662 1268 3744 τόνδε,
1346 3718 1347 3723 ,

230 3764 268 3812 ut
287 3755 450 3833 pertineat
471 3734 513 3814 ad
530 3748 698 3833 θησαυρόν.
1346 3754 1347 3761 ’

311 3889 342 3930 r.
364 3860 438 3931 954.
487 3866 519 3926 τί
556 3860 627 3928 τόδε
658 3863 747 3943 λέγεις
781 3866 965 3951 σεσωσμένον
999 3891 1072 3930 cum
1108 3871 1269 3941 Victoria,
1346 3870 1347 3925 ἶ
