2717 4600
497 228 546 244 ..
601 211 767 279 „9-

116 380 200 454 nus,
213 380 365 452 Botb'eus,
387 382 642 445 Biomfieldius'
669 383 779 465 'Quod
815 388 925 443 ruinas
952 380 1154 444 corrsiderate

114 467 272 529 feceruut.¹
316 470 399 528 Nam
424 463 559 539 ἁπαλαῖς
580 490 657 529 eum
683 474 720 528 in
748 484 878 528 sensum
898 469 984 527 bene
1005 469 1152 545 quadrat,

113 561 183 611 tum
204 552 335 633 optimis
354 553 605 614 commendatur
619 554 851 614 monumentis·
887 552 1153 613 PorreHerman·
1191 586 1193 591 ·

113 656 174 694 nus
190 637 241 701 De
260 654 340 695 vers.
362 633 476 696 Aes-cb.
496 659 542 718 sp.
564 660 594 719 p.
608 637 656 696 12.
673 641 760 715 μαῖαι
779 629 903 709 renuere
915 656 968 696 *en
980 637 1046 697 Vit.
1061 640 1152 694 mari·

113 739 150 778 co
173 718 394 779 additamento
411 718 530 799 pertriti
557 725 735 792 extricavit,
765 720 934 801 recipique
960 724 1063 800 jussit.
1110 717 1152 776 At

113 823 185 862 eam
204 807 407 884 ingeniosam
421 806 812 866 cruentariouemclooum·
824 802 945 864 hebere
960 807 1027 862 'non
1045 802 1151 884 posse,

112 886 238 961 idoneis
252 894 448 967 argumentis
470 895 593 952 evincit
612 890 845 961 Blomfieldius.
873 888 1024 969 Quintio
1037 885 1151 975 grand-

113 974 200 1031 aevis
231 972 421 1032 mulieribus
444 975 658 1041 omnino'hic
677 995 744 1034 non
771 986 820 1033 est
840 994 956 1042 sermo,
983 974 1091 1050 neque
1113 974 1151 1029 in

112 1076 165 1115 aas
194 1056 332 1134 quadrat
359 1050 555 1137 adjectivum
587 1050 724 1132 ἀταλαῖς,
758 1056 847 1136 quod
881 1050 1002 1117 teneris
1030 1054 1150 1135 puellis

109 1143 274 1220 proprium
295 1162 366 1203 esse
395 1141 594 1201 demonstrat
617 1136 707 1200 idem
736 1139 972 1215 Blomfieldius.
1010 1137 1151 1198 Nihilo-

110 1226 219 1282 minu's
236 1226 357 1297 tamen,
377 1236 415 1285 ut
437 1225 517 1285 alios
538 1235 713 1299 taceamus,
740 1222 964 1289 Blomfreldius
990 1223 1057 1299 ioci
1075 1243 1149 1306 sen-

110 1310 246 1367 tentiam
264 1330 415 1389 perverse
438 1314 593 1391 exposuit.
633 1306 782 1387 Namque
811 1330 885 1367 cum
913 1307 954 1373 de
972 1307 1150 1385 virginibus

113 1413 130 1450 a
148 1412 244 1451 versu
260 1389 329 1451 505.
351 1393 429 1472 intio
451 1393 492 1452 ad
511 1414 638 1454 versum
651 1390 724 1452 508.
746 1413 859 1470 usque,
884 1391 924 1451 de
945 1394 1072 1472 sponsis
1096 1411 1151 1446 au-

111 1476 179 1533 tem
201 1492 220 1532 a
241 1496 272 1534 v.
288 1471 360 1536 509.
382 1496 487 1555 usque
510 1476 550 1535 ad
568 1497 599 1537 r.
619 1474 690 1537 513.
710 1480 760 1556 agi
779 1480 940 1556 opinetur,
962 1478 1080 1532 mirum
1101 1491 1150 1530 sa·

101 1580 156 1617 -ne
175 1569 269 1628 esset,
291 1564 376 1621 viros
400 1561 487 1621 bello
508 1565 630 1620 ecoisos
650 1580 668 1619 a
689 1558 870 1640 virginibus
899 1570 1027 1618 tantum
1053 1574 1149 1636 spon-

111 1646 221 1721 sisque
251 1642 427 1726 deplorari,
457 1665 518 1724 nec
545 1664 621 1706 vero
646 1645 688 1702 ab
716 1645 882 1716 uxoribus,
912 1663 1050 1720 quarum
1071 1659 1150 1719 prae

113 1730 244 1786 caeteris
261 1727 378 1787 fuisset
400 1735 573 1809 conjugum
595 1748 742 1788 moerore
767 1731 883 1788 teneri.
926 1727 1029 1806 Quasi
1054 1723 1152 1782 caeli·

110 1809 167 1870 bes
188 1810 411 1882 tantummodo
432 1818 469 1873 in
488 1813 651 1893 Europam
670 1816 877 1872 transiissent
901 1812 1015 1888 ibique
1036 1811 1149 1889 periis-

109 1898 198 1955 sent!
240 1895 329 1974 Quin
351 1907 479 1958 tautum
499 1899 601 1967 abest,
628 1908 665 1959 ut
686 1900 883 1956 reticeantur
901 1914 1024 1965 uxores,
1051 1903 1089 1951 ut
1109 1895 1147 1949 in

107 1979 240 2039 vocibus
268 1974 437 2059 πολλαὶι-
456 1978 630 2060 μετέχουσαι
665 1980 751 2039 nibil
773 1983 970 2048 inveniatur,
1001 1981 1083 2056 quin
1113 1997 1146 2034 ο-

106 2067 209 2144 ptime
229 2062 269 2122 ad
290 2069 421 2123 maritas
442 2065 609 2124 referatur.
654 2064 831 2141 Sequentia
850 2074 959 2121 autem
984 2056 1024 2120 ad
1050 2062 1146 2139 virgi·

107 2168 166 2206 nes
188 2158 346 2228 spectant,
368 2152 438 2208 sive
456 2159 534 2211 suut
553 2168 704 2226 sponsae,
726 2151 796 2207 sive
817 2167 884 2206 non
906 2155 992 2206 sunt.
1021 2142 1145 2203 Eadem

107 2235 234 2291 ratione
256 2231 405 2312 explanat
424 2232 533 2290 locum
553 2227 718 2290 SchoLA.:
739 2223 852 2289 πολλαὶ
869 2223 902 2286 δὲ
922 2232 1055 2305 γυναῖκες
1072 2243 1146 2285 κατ-

106 2308 282 2395 ερεικόμεκαι
308 2311 360 2373 καὶ
380 2310 530 2394 οχόζουσαι
548 2311 602 2383 τὰς
631 2308 807 2386 καλύπτρας
825 2309 877 2371 καὶ
895 2309 967 2379 τοὺς
989 2308 1082 2379 ἰδίους
1102 2330 1146 2388 χι-

105 2400 214 2474 τοῖυας,
232 2395 373 2469 τέγγουσι
392 2395 445 2457 καὶ
467 2396 605 2480 ‘irriguum
625 2393 698 2469 τοὺς
712 2393 850 2467 κόλπους
878 2394 911 2457 ἐν
936 2388 1063 2476 δάκρυσι
1088 2415 1145 2471 μυ-

107 2477 226 2553 όαλέοις
246 2479 297 2546 καὶ
314 2477 454 2564 όιόγροις,
476 2477 660 2566 θλιβόμενακ.
709 2562 712 2568 ι

189 2637 219 2676 r.
242 2612 314 2676 506.
338 2606 406 2686 'Ne
426 2636 511 2694 quae
531 2636 627 2675 voees
654 2635 754 2674 sensu
781 2622 1020 2674 connectuntur
1045 2614 1145 2691 magis

106 2720 205 2779 quam
225 2720 284 2781 par
304 2702 348 2758 sit
368 2700 595 2771 dilacerentur,
623 2721 708 2777 quae
737 2697 971 2778 disiungendae
1000 2706 1077 2754 sunt
1098 2716 1146 2752 ar·

107 2788 190 2843 etius
217 2788 464 2863 coniungantur,
490 2805 564 2848 cum
588 2781 795 2844 Blomfieldio
823 2803 934 2844 versus
962 2785 1009 2840 ita
1028 2780 1145 2839 descri-

106 2870 183 2926 bere
204 2866 343 2947 placuit=

319 2956 436 3021 πολλαὶ
453 2957 484 3022 δ’
505 2958 639 3033 ἁπαλαῖς
662 2958 744 3045 χερσὶ
762 2955 934 3043 καλύπτρας

467 3041 710 3129 κατερεικόμευαι,

319 3124 369 3188 διὰ
389 3123 546 3208 μυδαλέας
567 3125 696 3210 δάκρυσι
714 3123 845 3200 κόλπους
868 3151 894 3189 κ.
916 3148 942 3189 τ.
962 3124 990 3187 λ.

107 3258 210 3318 quum
230 3237 327 3317 vulgo
346 3242 391 3296 sic
408 3250 515 3299 essent
531 3240 741 3310 distinctiut
760 3233 810 3298 διὰ
827 3232 984 3317 μυδαλέας
998 3236 1039 3295 ad
1054 3254 1147 3315 prae·

25 3357 29 3361 ι
99 3322 278 3383 ¹cedentem
301 3343 429 3384 versum
455 3327 641 3404 pertineret.
681 3320 801 3384 Annon
827 3317 1022 3401 όιαμυΰόλσος
1049 3320 1147 3377 Grae·

106 3413 153 3467 cis
177 3410 332 3466 usitatum
351 3407 452 3468 fuerit
474 3408 679 3477 affectivum,
700 3429 768 3468 uon
786 3429 843 3489 pro
862 3419 950 3468 certo
976 3405 1145 3472 habemus·

105 3491 181 3554 Hoc
201 3512 277 3553 vero
293 3502 415 3551 certum
433 3502 493 3562 est,
506 3430 711 3570 όιαμυδαλόοις
723 3493 779 3552 hie
797 3492 882 3552 male
897 3491 1029 3560 habere,
1044 3506 1146 3564 quan·

106 3574 283 3654 sicquidem
318 3588 529 3638 monumenta
560 3579 688 3646 omnia,
725 3596 862 3653 quorum
897 3571 1145 3653 amplitudinem

105 3659 217 3740 pluris„
227 3671 378 3740 putamus
406 3682 505 3740 quam
533 3653 718 3720 criticorum
745 3663 937 3720 nostratium
965 3660 1144 3736 opiniones,

25 3753 31 3761 ’
108 3747 321 3826 compositum
342 3741 536 3805 infitiantur.
572 3737 688 3822 Neque
715 3747 826 3823 inepte
846 3739 952 3800 Schol.
971 3740 1008 3801 B.
1037 3740 1145 3797 locum

106 3835 166 3908 per
184 3832 303 3887 tmesiu
323 3830 476 3911 explicatr
501 3824 540 3888 τὸ
558 3822 610 3888 tut
636 3823 810 3907 ὑπερβατιός
837 3822 914 3906 πρὸς
940 3820 986 3885 τό·
1004 3820 1145 3894 τέγγουσι

106 3908 278 3976 συνακτέον.
317 3913 366 3977 Er
393 3913 592 3977 Blomiio'ldit
615 3912 750 3993 quidem
778 3914 939 3974 sententia
966 3911 1063 3970 tmesi
1090 3906 1146 3964 hic
