2717 4600
550 225 884 275 ..ιγ-η.

141 394 177 459 iu
194 389 335 461 levitatis
353 389 614 480 temeritatisque
634 392 789 461 omnium
806 391 946 469 minime
971 391 1183 481 incurramus

32 576 37 577 ff
141 508 281 575 cumen.

192 666 202 675 ‚
223 625 301 711 Qua
322 625 462 705 ratione,
493 646 605 719 quum,
618 627 687 708 jam
708 649 770 716 per
782 607 998 718 'aliquantum
1017 625 1180 715 temporis.

138 741 349 811 recensendis
370 754 409 808 et
433 740 634 831 explicandis
659 745 766 810 Persis
799 767 939 834 operam
966 744 1178 818 dedissemus,

139 859 255 929 allatus
272 859 371 925 nobis
387 870 439 925 est
459 860 603 941 nuntius,
624 861 732 941 ciuem
748 873 902 928 nostrum
918 861 1086 939 eruditum
1098 856 1187 922 ami·

139 1000 293 1065 eumque,
319 973 578 1045 AUGUSTUM
595 978 937 1059 WELLAUERUM,
965 980 1086 1049 eodem
1103 974 1177 1063 ipso

137 1105 292 1182 tempore
309 1116 433 1161 novam
452 1093 606 1159 omnium
622 1093 778 1184 Aeschyli
794 1097 1040 1186 tragoediarum
1063 1092 1179 1185 editio-

137 1234 221 1276 nem·
239 1209 362 1289 moliri,
385 1186 452 1299 qui,
476 1209 606 1276 anxiam
627 1222 778 1276 nostram
801 1213 1053 1279 cunctationem
1074 1206 1179 1274 admi·
1216 1296 1218 1304 Ι

137 1326 234 1393 rabili
261 1326 434 1392 sedulitate
457 1328 602 1406 vincens,
634 1337 705 1393 tres
732 1328 919 1417 tragoedias
946 1351 988 1394 eo
1015 1323 1177 1412 temporis

137 1443 244 1535 spatio
264 1430 461 1532 profligavit,
485 1467 553 1533 quo
584 1467 647 1510 nos
666 1468 710 1510 ne
738 1456 893 1535 quartam
921 1445 1059 1534 quidem
1078 1439 1177 1505 unius

137 1560 337 1631 absolvimus
359 1544 501 1648 penem.
878 1644 880 1651 Ι
1111 1540 1116 1553 ’

220 1677 394 1763 Quaeres
421 1700 484 1743 nos
514 1698 535 1743 a
564 1687 687 1766 coepto
714 1700 817 1765 opere
844 1700 951 1767 paene
977 1681 1174 1742 revocasset.

136 1796 203 1863 Sed
223 1795 318 1861 allato
339 1816 423 1879 mox
440 1794 553 1882 primo
573 1817 682 1861 novae
702 1794 800 1875 hujus
828 1794 983 1860 editionis
1007 1788 1176 1856 volumine

134 1913 284 1991 vidimus,
305 1911 415 1977 virum
434 1910 665 1977 doctissimum
687 1910 863 1979 eonsilium
888 1933 907 1976 a
934 1920 1051 1975 nostro
1078 1907 1176 1992 longe

135 2028 302 2096 diversum
327 2039 508 2116 sequutum
535 2049 614 2095 esse.
661 2030 840 2095 Persarum
866 2038 980 2093 autem
1006 2023 1177 2090 Wcllaue·

134 2147 265 2211 rianam
295 2145 496 2235 editionem,
530 2167 633 2232 quarn
661 2168 753 2212 nunc
780 2144 913 2233 prelum
940 2164 1093 2210 exercere
1118 2163 1176 2206 au·

135 2262 261 2340 dimus,
294 2251 450 2327 nondum
482 2261 595 2330 videre
629 2260 728 2325 nobis
754 2260 906 2348 contigit,
941 2260 1034 2348 quod
1059 2279 1175 2324 mone·

133 2403 220 2456 mus,
240 2399 285 2444 ne
305 2377 379 2465 quis
402 2397 478 2466 eam
495 2376 681 2463 neglectam
704 2399 723 2441 a
743 2375 842 2464 nohis
862 2374 1013 2440 miretur.

215 2497 289 2562 Iam
311 2493 411 2582 igitur
430 2492 512 2582 quid
531 2492 572 2557 in'
589 2491 654 2559 hec
674 2503 789 2559 nostre
812 2491 958 2588 editione
978 2491 1176 2580 praestiteri-

134 2634 223 2693 mus,
259 2621 430 2700 praestare
456 2610 574 2680 saltem
601 2608 820 2686 voluerimus,
853 2619 903 2674 est
931 2609 1176 2701 exponendum.

135 2730 252 2815 Quum
270 2728 361 2797 euim
381 2727 504 2815 duplex
521 2726 660 2793 omnino
683 2725 727 2793 sit
747 2725 885 2796 editoris
915 2725 1074 2804 officium,
1100 2736 1176 2794 tum

135 2858 175 2912 ut
188 2822 305 2911 ‹v'erba
331 2844 475 2912 auctoris
511 2861 614 2933 quam
649 2842 917 2910 emendatissima
947 2841 1175 2921 exhibeantur,

129 2955 211 3028 'tum
228 2972 274 3041 ut,
295 2984 380 3051 quae
398 2961 615 3050 explicatione
635 2970 762 3050 egeant,
784 2959 996 3038 illustrentur,
1016 2972 1176 3026 neutrum

136 3102 155 3145 a
178 3077 276 3146 nobis
297 3078 442 3146 ebenum
463 3100 532 3146 esse
552 3076 813 3155 existimavimus,
841 3077 920 3146 licet
944 3076 1095 3166 plerique
1116 3076 1177 3142 ho·

137 3197 190 3262 die
211 3194 287 3259 setis
305 3216 469 3282 superque
489 3194 625 3265 editoris
651 3216 791 3266 munere
817 3193 878 3264 sibi
905 3193 1013 3260 functi
1042 3216 1111 3260 esse
1129 3192 1177 3259 vi-

137 3313 286 3387 deantur,
313 3311 340 3375 si
363 3309 499 3376 criticen
527 3310 632 3375 modo
659 3309 892 3376 factitaverint
934 3310 1047 3376 Prima
1076 3310 1176 3398 igitur

136 3439 250 3494 nostra
278 3449 358 3494 cure
378 3427 518 3506 luit-ut
537 3415 636 3493 verba
659 3426 730 3516 ipsa
750 3439 871 3516 poetae
896 3449 1000 3524 quam
1021 3427 1176 3491 emenda·

5 3553 17 3574 ³
137 3546 263 3611 tissima
285 3544 523 3618 exhiberemus.
568 3544 644 3630 Qua
671 3545 708 3609 in
727 3566 765 3610 re
785 3544 831 3609 ita
851 3543 974 3614 versati
991 3564 1114 3623 sumus,
1137 3551 1176 3609 ut

139 3661 291 3730 omnium
315 3662 478 3733 librorum
504 3685 608 3734 manu
635 3662 855 3775 scriptorum,
877 3672 962 3750 quot
984 3661 1122 3751 quidem
1154 3681 1175 3726 a

140 3779 214 3846 viris
235 3779 343 3847 doctis
362 3779 535 3870 hueusque
564 3779 674 3849 collati
694 3789 786 3860 suut,
816 3776 974 3850 lectiones
1004 3779 1176 3867 diligenter
