2717 4600
604 176 654 195 ...
707 160 775 227 ,72
816 173 874 195 ,„

222 353 329 396 onem
372 334 466 414 Quae
486 355 561 397 cum
580 337 628 395 ita
648 336 727 403 aiut,
744 335 829 411 quiu
845 332 881 392 F.
895 332 933 393 [ι.
952 326 1105 411 Aeschyli
1123 351 1257 392 manum

222 419 317 480 nobis
337 418 478 490 tradant,
500 439 567 480 uon
588 415 821 478 dubitandum

345 529 497 639 Hiddovc
514 527 567 632 μὲ]
587 522 633 611 ἦν,
653 527 737 612 σάφ’
755 526 835 609 ἴσθ’,
861 531 943 593 tiara
960 525 1124 615 βαρβάρων

345 639 433 680 euvei
457 637 613 701 κρατησαι.

223 741 324 800 Cuius
342 743 520 820 scripturae
531 736 586 799 bic
607 751 658 800 est
669 759 796 800 seusus=
817 738 937 818 „Quod
955 739 1199 800 multitudinem
1213 752 1257 799 at·

219 828 313 899 tinet,
341 825 428 885 bene
455 828 547 895 scias,
577 824 787 888 barbarorum
816 834 895 895 erat,
925 826 1063 886 navibus
1091 828 1257 886 victoriam

218 914 416 990 reportare.“
505 981 509 987 ¹
895 928 898 933 ·

304 1054 335 1094 v.
356 1029 430 1098 306.
473 1033 638 1116 Scriptura
656 1034 815 1096 librorum
842 1041 892 1093 est
910 1027 998 1092 rami
1016 1034 1170 1111 κρατῆσαι.
1196 1035 1257 1094 Mi·

222 1119 312 1177 nime
332 1117 503 1177 laudamus
516 1124 706 1200 pruritumssr
724 1121 906 1201 paragogioi
923 1116 1144 1198 adspergendi,
1156 1139 1258 1196 quan-

221 1201 398 1279 doquidem
418 1203 526 1263 brevia
547 1204 673 1281 syllaba
694 1203 804 1262 finalis
824 1205 914 1263 vocis
941 1205 979 1260 in
1007 1202 1154 1263 vocalem
1177 1202 1257 1261 desi·
1334 1254 1335 1274 2

223 1290 332 1346 nentis
352 1285 487 1367 produci
506 1285 603 1347 debet
630 1298 707 1347 ante
727 1296 852 1348 mutam
875 1306 949 1344 cum
973 1304 1002 1363 ρ,
1023 1307 1108 1364 quae
1127 1287 1259 1345 alterius

222 1373 312 1432 vocis
332 1381 409 1429 sunt
431 1370 586 1432 initiales,
630 1371 748 1449 Neque
767 1380 878 1430 tamen
897 1368 1033 1450 produci
1051 1380 1158 1450 potest
1185 1372 1260 1429 talis

222 1453 352 1532 syllaba
371 1464 448 1513 ante
463 1465 590 1515 mutam
610 1475 686 1515 cum
707 1453 856 1532 qualibet
882 1452 1018 1532 liquida.
1061 1453 1134 1533 Qua
1162 1458 1200 1513 in
1225 1475 1260 1512 re

221 1537 384 1597 falluntur
403 1536 619 1599 Schneiderus
634 1538 687 1597 De
709 1537 785 1598 dial.
808 1535 903 1617 Soph.
925 1556 956 1616 p.
972 1533 1012 1602 57
1033 1557 1104 1615 seq.
1121 1549 1156 1597 et
1172 1538 1261 1597 Wal-

220 1621 351 1682 lauerus
373 1621 414 1680 ad
434 1621 540 1682 Prom.
561 1619 633 1681 612.
672 1618 715 1682 At
742 1621 924 1681 Hermanni
951 1621 1016 1696 (De
1045 1621 1173 1681 emend.
1200 1632 1259 1682 rat.

243 1724 268 1765 r.
290 1724 420 1785 gramm.
442 1726 473 1785 p.
497 1702 535 1766 13
559 1706 645 1784 seq.)
668 1715 702 1766 et
723 1704 858 1764 Porsoni
889 1703 944 1779 (ad
963 1704 1075 1785 Eurip.
1096 1694 1203 1766 Orest.
1230 1727 1259 1765 v.

223 1727 292 1863 dl.)
314 1792 510 1865 sententiam
533 1794 669 1850 omnino
696 1792 780 1867 quin
810 1788 1041 1871 improbemus,
1064 1787 1172 1849 iacere
1193 1810 1258 1848 nou

221 1871 903 2036 titii?..iiiiiiiit.3tiztit
921 1872 1256 2039 tibitibi&

222 2041 281 2099 ubi
298 2058 315 2099 v
331 2043 555 2122 paragogicum
578 2041 654 2101 addi
675 2031 809 2119 nequltz
857 2038 860 2045 '

145 2198 153 2209 „
367 2142 405 2208 ‘0
425 2142 458 2208 δ’
480 2141 609 2210 Οἰδίπου
630 2148 687 2211 τίνι
702 2142 809 2232 τρόπῳ
840 2146 942 2234 &isiae
961 2142 1066 2212 λιπών.

221 2270 255 2322 et
273 2263 311 2320 in
328 2257 418 2323 Med.
438 2251 515 2319 241:
643 2319 645 2322 ,

370 2351 392 2426 ἢ
412 2349 490 2439 πρὸς
512 2350 609 2433 ool-ov
626 2351 697 2433 τίν’,
718 2353 738 2436 ἢ
757 2355 835 2442 πρὸς
856 2353 943 2438 ἥλικα
960 2356 1089 2441 τραπείς.

222 2501 299 2540 nam
320 2483 358 2537 in
379 2478 437 2536 illo
458 2481 530 2547 παῖς
549 2490 622 2559 post
640 2472 778 2555 Οἰδίπου,
796 2483 833 2539 in
853 2477 915 2542 boc
934 2472 1036 2555 ἥλικας
1053 2498 1162 2540 merae
1180 2487 1258 2536 suut

223 2569 438 2643 conjecturae,
458 2582 539 2638 quas
562 2566 677 2621 merito
704 2568 819 2641 rejecit
832 2564 1041 2623 Matthiaeus.
1080 2564 1155 2644 lpse
1182 2582 1260 2623 varo

220 2645 420 2706 Matthiacus
447 2648 568 2705 iniuria
596 2646 733 2732 Porsoni
767 2652 983 2729 conjecturam
1015 2647 1179 2729 amplexus
1213 2654 1262 2706 est

220 2734 257 2789 in
278 2731 388 2810 Eurip.
412 2729 466 2788 Or.
488 2750 521 2790 v.
544 2721 600 2790 64:
1113 2795 1116 2808 ,

370 2833 536 2916 παρθένον,
563 2834 619 2927 ἐμῇ
637 2856 668 2897 τε
688 2835 778 2921 μητρὶ
796 2833 968 2923 παρέδωκεν
988 2837 1111 2924 τρέφειν.
1138 2911 1143 2916 ,

222 2944 281 3004 ubi
299 2942 377 3001 libri
399 2963 512 3018 omnes
531 2937 687 3026 παρέδωκε
707 2948 859 3010 offerunt.
906 2949 1002 3009 Plura
1022 2954 1092 3016 eiua
1112 2969 1192 3009 usus
1214 2968 1266 3007 ex·

222 3026 332 3107 ampla
357 3031 499 3106 reperies
524 3048 574 3110 ap.
604 3027 783 3092 Seidlerum
818 3035 871 3093 De
894 3055 975 3096 vem.
1002 3032 1131 3093 docbm.
1154 3054 1186 3114 p.
1209 3030 1263 3094 21.

223 3110 319 3171 Cerri.
340 3131 426 3189 quae
448 3110 527 3171 dixit
546 3112 717 3194 Pinzgerus
738 3116 780 3177 de
799 3116 912 3198 Eurip.
932 3116 1085 3178 Enchtb.
1104 3117 1145 3178 fr.
1167 3133 1201 3177 v.
1220 3112 1262 3175 25

224 3196 266 3256 ad
279 3199 463 3264 versionem
482 3195 622 3277 Lycurgi
641 3219 710 3280 cap.
730 3201 851 3261 XXIV.
880 3201 1027 3282 Quatuor
1048 3220 1134 3263 nova
1158 3222 1199 3262 ex
1213 3200 1264 3258 fa·

222 3280 303 3340 bula
324 3288 434 3338 nostra
457 3278 611 3342 addamus
636 3284 796 3364 exempla:
819 3283 878 3345 331
899 3287 975 3346 πᾶσι
992 3290 1155 3369 προφωνεῖ
1185 3282 1262 3345 338.

189 3365 193 3371 ’
222 3357 312 3423 ναυσὶ
328 3360 490 3443 κρυφαίως.
509 3359 582 3430 737.
601 3362 654 3424 νέα
674 3373 786 3447 φρονεῖ.
807 3361 879 3436 774.
901 3366 1011 3447 ὄμμασι
1031 3369 1157 3451 βροτῶν.
1198 3369 1265 3427 Ne-

223 3469 289 3525 que
309 3450 418 3508 minus
439 3446 613 3528 releganda
632 3459 682 3509 est
700 3454 821 3531 opinio,
843 3474 880 3512 ex
899 3474 967 3532 qua
984 3457 1090 3514 critici
1110 3456 1186 3513 aevi
1205 3473 1267 3511 no·

222 3535 282 3591 atri
304 3552 377 3591 eam
404 3531 546 3591 litteram
572 3551 590 3592 ν
619 3535 657 3591 in
684 3555 835 3595 versuum
865 3537 934 3596 fine
960 3541 1002 3597 iia
1022 3538 1267 3597 terminationi-

222 3614 297 3685 bus,
322 3617 442 3692 quibus
468 3619 625 3678 convenit
648 3623 916 3701 uparagogicum,
943 3622 1117 3702 adjiutgare
1138 3630 1265 3679 amant

221 3696 362 3757 Verium
381 3703 418 3757 iu
435 3695 582 3762 vocalem
597 3702 731 3762 brevem
743 3707 828 3763 exire
840 3705 967 3765 licitum
984 3717 1044 3777 eet,
1056 3724 1165 3782 neque
1177 3724 1268 3763 sem·

222 3797 281 3860 per
303 3783 340 3840 iu
361 3780 429 3840 fine
449 3804 600 3846 versuum
629 3806 761 3866 pausam
793 3787 901 3852 iacere
927 3800 1030 3871 potes.
1071 3788 1181 3868 Quare
1210 3807 1270 3846 co·

118 3947 123 3954 ι
208 3863 334 3950 ¹dicum
356 3869 578 3931 auctoritatem
595 3869 785 3953 iufringere,
805 3884 903 3954 atque
922 3893 939 3933 ν
958 3872 1045 3934 illud
1056 3882 1185 3953 praeter
1206 3890 1271 3931 ne·

558 4193 570 4226 i
