2717 4600
472 170 478 181 ⁴
581 163 854 214 -122—

199 332 462 415 conjungendum
481 347 530 398 est
549 357 623 397 cam
641 337 742 399 verbo
765 346 880 398 neutro
899 332 1082 417 κατέχουσιν.
1120 333 1241 401 Sensus

198 436 282 499 crgox
294 430 356 478 est.
376 425 535 501 „quiqne,
553 423 695 503 populus
717 426 755 480 in
774 427 965 482 continente
984 433 1090 490 natus,
1104 424 1241 479 omnino

197 503 352 562 obtinent
371 505 407 579 (i.
432 526 460 566 e.
481 511 601 588 primas
620 517 749 577 cenent,
771 527 815 565 sc.
834 512 872 566 in
891 503 991 567 Asiae
1019 504 1242 588 paeninsula),

197 606 253 645 eos
280 586 405 648 ducunt
428 598 514 650 etc.“
566 592 649 650 Nam
674 586 746 659 τοὺς
774 610 833 671 pro
858 584 987 660 τούτους
1010 593 1153 671 positum
1182 599 1240 647 ast

197 670 296 750 Quod
315 693 393 734 vero
409 673 564 736 =Pauwius
587 685 790 734 commentus
812 685 878 737 esta
903 673 938 733 οἵ
958 670 991 733 τ’
1019 671 1130 732 ἐπίασαν
1154 666 1241 749 ἦσαν

196 749 313 833 ρότενες
336 753 509 837 κατέχουσιν
533 755 606 830 ilica
641 764 758 819 meritc
790 762 986 839 castigarunt
1015 756 1176 819 Heathius
1206 767 1241 816 et
1275 787 1277 792 ·

196 837 397 901 Schuetzius.
450 843 566 923 Neque
595 848 706 905 minus
737 844 876 923 Stanleji
903 847 1106 921 conjectura,
1139 862 1240 918 quam

193 923 340 984 Boiheus
364 928 527 1010 amplexus
550 941 613 988 est:
639 932 706 998 τοῖς
732 949 791 1011 pro
813 921 895 1002 τούς,
922 926 1096 1008 releganda
1117 936 1176 986 est.
1196 956 1238 971 -

194 1007 237 1066 ln
259 1004 385 1090 βασιλῆς
405 1016 473 1072 iota
492 1013 710 1096 subscriptum
732 1016 948 1074 exstinximus.

190 1130 192 1134 ’
278 1156 311 1197 τ.
334 1127 385 1197 lli.
427 1137 501 1197 Non
522 1160 602 1220 opus
621 1150 681 1210 est,
703 1161 762 1200 nos
781 1150 908 1200 mutare
927 1129 1069 1216 locoque
1096 1158 1155 1197 suo
1184 1137 1239 1198 de·
1332 1158 1340 1173 ⁸

193 1218 318 1298 pellere
347 1221 512 1303 vulgatam
535 1218 763 1303 Μητραγαθὴς.
817 1222 939 1290 Omnes
969 1221 1131 1282 editiones
1157 1224 1237 1283 iett.

34 1314 41 1325 “
131 1366 133 1371 ,
194 1324 269 1361 cum
292 1302 465 1368 scholiasta
486 1304 523 1365 A.
553 1316 587 1366 et
606 1308 674 1367 cod.
696 1309 732 1369 B.
760 1306 832 1367 eain
860 1312 1001 1366 tuentur.
1049 1304 1157 1384 Atque
1186 1302 1239 1364 s‘u·

193 1391 356 1468 spicamur
377 1395 477 1449 etiam
504 1390 649 1471 plurium
677 1391 824 1452 codicum
851 1394 1041 1471 scripturam
1071 1411 1142 1449 esse
1162 1391 1239 1467 Μη-

193 1467 362 1550 apamiis,
382 1474 469 1552 quod
493 1495 529 1534 ex
551 1475 675 1557 Butleri
699 1474 913 1535 annotatione
938 1473 1130 1553 colligimus.
1174 1475 1239 1534 Va·

193 1559 263 1614 riae
284 1555 381 1616 huius
403 1563 493 1618 vocis
513 1563 691 1639 scripturae
711 1571 766 1619 aut
787 1580 909 1618 errores
930 1558 1048 1616 calami
1071 1558 1159 1627 sunt,
1181 1569 1238 1618 aut

194 1661 232 1699 ex
252 1640 442 1701 Reuchlinii
459 1646 732 1722 pronunciatione
754 1647 911 1722 originem
933 1640 1099 1723 (luxerunt.
1141 1641 1238 1725 Quod

193 1724 420 1788 Blomfieldius
441 1730 571 1808 scripsit
597 1728 668 1789 sola
691 1733 877 1809 conjectura
898 1729 1025 1788 nititur.

278 1871 309 1911 v.
332 1844 383 1912 45.
423 1849 545 1913 Arcens
565 1864 617 1915 est
638 1852 760 1932 Lydus,
786 1850 920 1912 Arctous
948 1855 1007 1931 qui
1023 1871 1056 1912 v.
1077 1847 1151 1918 279.
1173 1850 1237 1912 280

101 1932 104 1939 '
193 1939 334 1993 occurrit
353 1938 421 1996 Nili
442 1939 560 1998 accola.
605 1936 789 2017 Utrumque
808 1936 982 1999 confundit
1000 1935 1234 1999 Blomfieldius.

191 2017 244 2078 ef.
265 2031 377 2080 notam
396 2033 539 2083 nostram
554 2021 602 2083 'ad
622 2042 652 2084 v.
675 2021 749 2086 280.

201 2128 205 2133 ’
232 2126 235 2131 st
275 2166 307 2207 v.
327 2139 378 2214 47.
423 2147 594 2228 Quomodo
624 2170 684 2231 per
704 2149 860 2209 Brunclii
879 2148 1173 2230 transpositionem,
1200 2147 1236 2207 id

192 2230 282 2326 quor}
301 2232 466 2314 praedicat
484 2233 685 2305 Schuetzius,
705 2234 883 2315 elegantior
901 2234 962 2293 fiat
988 2244 1022 2292 et
1047 2234 1238 2291 concinnior
1327 2305 1331 2313 ἡ
1354 2268 1355 2279 ,

191 2326 353 2376 strumus
378 2321 560 2395 verborum,
584 2339 652 2380 non
682 2324 892 2397 assequimur.
934 2319 1034 2378 Nobis
1064 2327 1149 2376 certe
1168 2338 1235 2374 non

191 2399 401 2481 infringenda
421 2402 552 2466 videtur
571 2408 720 2463 omnium
739 2404 896 2462 librorum
916 2406 1100 2471 auctoritas,
1113 2423 1149 2461 ex
1169 2422 1235 2480 qua

189 2478 316 2556 πολλοῖς
336 2482 469 2567 ἅρμασιν
488 2487 712 2548 reducendum
738 2489 1000 2549 existimavimus.

275 2632 306 2672 v.
328 2602 379 2674 48.
423 2611 531 2678 Schol'
547 2609 603 2675 A.=
631 2608 723 2672 εἰπὼν
738 2606 865 2682 πολλοῖς
886 2607 998 2695 ἅρμασι
1019 2606 1091 2681 τοὺς
1110 2603 1236 2681 Λυδοὺς
1254 2659 1260 2666 .

190 2690 375 2775 ἐποχεῖσθαι,
392 2693 591 2778 παρακατιὼν
608 2694 663 2777 τὴν
683 2691 919 2779 ἁρματηλασίαν,
940 2694 993 2756 καὶ
1008 2694 1040 2755 ἐκ
1059 2688 1164 2755 πόσων
1184 2697 1236 2755 ἵπ-

190 2799 258 2839 πων
280 2776 355 2861 αὐτὴ
378 2782 548 2858 συνίστατο,
570 2777 725 2862 ἐδήλωσεν,
742 2776 874 2863 εἰρηκώς,
893 2775 973 2858 rain,
1001 2777 1123 2862 ἅρματα
1140 2775 1235 2858 inlu·
1287 2823 1293 2827 >

191 2858 239 2939 δή,
258 2860 405 2945 ἐξορμῶσι
426 2867 494 2928 τῶν
509 2859 655 2972 Erigitur
675 2865 830 2948 τέθριππα
850 2862 902 2925 καὶ
922 2862 1062 2937 ἐξάϊππα.
1097 2861 1146 2923 Ἢ
1162 2860 1234 2941 atq

187 2944 230 3005 τὰ
249 2945 398 3027 τάγματα.
437 2947 490 3009 Ἐκ
514 2969 628 3011 cortou
653 2947 688 3012 δὲ
713 2954 775 3012 τῶν
794 2951 896 3010 ἵππων
922 2947 960 3010 τὸ
988 2944 1111 3028 πλῆθος
1138 2944 1232 3026 δηλοῖ.

137 3090 144 3105 ,
187 3032 273 3093 Xen.
289 3037 412 3119 ,Cyrop
432 3036 490 3100 VI.
513 3032 542 3097 1.
565 3033 617 3103 51.
637 3031 723 3120 ἅρμα
738 3029 931 3119 τετράρνμον,
954 3035 1036 3101 ibid.
1056 3034 1108 3096 52.
1140 3028 1232 3116 ὀκτοί-
1271 3072 1279 3086 -

144 3133 147 3146 ’
186 3136 282 3198 nuper
303 3125 453 3184 occurrit.

274 3267 305 3309 v.
326 3244 379 3309 50.
422 3246 482 3310 Pro
504 3250 642 3316 στεῦνταο
662 3248 845 3310 Blomfield.
863 3247 993 3326 mavult·
1008 3246 1140 3321 σοῦνται,
1168 3267 1233 3325 qua

158 3340 160 3344 ’
192 3339 378 3415 conjectura
396 3323 518 3394 'melius
541 3337 752 3398 abstinuisset
780 3334 969 3396 virbonus.
1015 3330 1153 3409 Στεῦμαι
1181 3350 1232 3411 ap.

189 3417 288 3479 Hom.
310 3417 349 3478 Il
367 3417 427 3478 ΙΙΙ.
450 3415 502 3480 83.

274 3565 305 3607 v.
329 3540 381 3606 52.
423 3543 560 3627 Egregie
590 3543 699 3606 Schol.
722 3542 759 3605 Δ.
785 3538 918 3621 ἀκίνητοι
948 3533 1010 3601 ὑπὸ
1040 3531 1161 3616 λόγχης,
1190 3532 1232 3606 ὡς

190 3619 293 3702 ἄκμων
337 3631 398 3705 (iia
426 3651 485 3711 pro
514 3624 631 3709 ἀκμών,
662 3631 752 3709 quod
788 3631 907 3711 legitur
932 3632 969 3688 in
1000 3623 1145 3683 Schuetz.
1178 3620 1230 3680 ed.

190 3711 314 3789 Schol.)
335 3710 395 3773 ὑπὸ
416 3715 555 3795 σφυρῶν·
584 3726 618 3774 et
638 3714 743 3775 Schol.
764 3715 800 3774 B.
827 3708 1008 3794 καρτερικοί,
1039 3704 1072 3765 ἐκ
1099 3724 1234 3785 μεταφο-

189 3799 248 3872 θᾶς
268 3794 328 3856 τοῦ
347 3781 476 3876 ἰῖκμονος
488 3819 585 3861 voces
600 3792 706 3877 λόγχης
725 3796 848 3876 ἄκμονες
863 3799 1086 3879 explanarunt.
1108 3792 1234 3869 Quanti

188 3881 306 3945 Bothei
326 3887 484 3964 scriptura
500 3877 528 3946 λ.
543 3880 667 3963 ἄνμονις
685 3883 886 3946 aestimanda
900 3887 954 3955 sit,
973 3874 1232 3962 quisque-videt.
