2717 4600
605 181 874 251 ...94-

213 380 273 422 xcoa
292 354 333 420 ci
352 356 483 420 Person.
500 355 541 418 ad
553 356 631 417 Eur.
644 355 726 416 Hac.
748 349 820 420 327.
841 351 1258 422 adOrest1703.Paasov.

218 445 386 507 Meletem.
411 447 448 502 in
474 438 589 502 Aesch.
618 440 704 501 Pers.
730 460 762 520 p.
781 432 832 499 43.
860 450 895 499 et
920 439 1135 502 Eclrermanu.
1167 444 1264 504 Com·

218 540 320 589 ment.
341 526 526 588 Gadanens.
549 526 575 584 I.
594 545 626 606 p.
646 515 698 584 46.
721 528 830 602 Atque
848 533 957 584 nostro
976 524 1055 593 locu
1068 526 1171 586 multo
1193 548 1265 586 me·

217 615 284 673 lius
305 614 460 674 convenit
481 611 613 670 omissio
631 612 881 690 praepositionis
899 604 938 680 ἒς,
965 630 1063 687 quam
1082 610 1229 689 adjectio.

301 740 334 780 ν.
357 712 429 778 462.
482 718 555 786 „De
579 717 655 776 lacu
683 715 786 775 Bolbe
814 736 837 775 s.
887 714 985 773 elude
1012 716 1055 776 cf.
1086 717 1249 799 Spanhem
1307 720 1309 725 ’

221 804 260 865 ad
289 802 478 863 callimach.
503 801 625 880 Hymn.
650 803 688 859 in
709 800 782 860 Del.
807 821 839 864 v.
863 735 931 858 lii.
960 798 1152 880 Thucydide
1178 813 1264 863 teste

218 891 276 950 lib.
290 888 347 948 lV.
362 883 422 946 103
445 885 485 945 ad
507 884 661 966 oppidum
677 885 878 964 Bromiscum
894 886 927 940 in
942 904 1030 943 mare
1049 887 1266 966 ingreditur.“

194 972 417 1033 'Schuetzius
438 1003 483 1015 —
521 969 617 1028 Palus
643 968 745 1029 Bolbe
774 972 811 1027 in
838 967 960 1026 finibus
986 968 1200 1032 Macedoniae
1228 986 1265 1033 et

220 1058 380 1117 Thraciae
399 1058 460 1115 oita
482 1065 540 1115 est.
571 1053 620 1113 Ex
640 1075 706 1132 quo
729 1034 933 1133 intelligitur,
947 1071 1018 1117 eam
1032 1052 1168 1116 diversis
1181 1068 1265 1116 tem·

216 1141 351 1223 poribus
374 1137 414 1197 ad
437 1138 620 1208 Thraciam,
642 1160 708 1215 quo
728 1134 834 1197 Schol.
855 1134 892 1197 Α.
915 1146 948 1194 et
968 1136 1008 1195 ad
1022 1135 1264 1213 Macedoniam,

219 1244 284 1303 quo
305 1222 412 1281 Schol.
432 1222 468 1281 Β.
491 1226 588 1281 istam
630 1221 759 1282 aludem
787 1219 896 1293 trahit,
917 1223 1122 1301 pertinuisse.
1167 1227 1264 1299 Conf.

219 1310 407 1390 Popponem
426 1305 450 1371 L
471 1328 502 1366 c.
518 1328 550 1388 p.
568 1304 588 1366 d
613 1306 643 1371 2.
670 1317 704 1366 et
723 1302 796 1366 392.
819 1326 887 1383 seq.

235 1452 249 1471 ²
302 1460 334 1501 ν.
355 1431 429 1498 463.
471 1431 599 1507 ’Hdotrlc
617 1429 674 1496 αἶα
693 1442 780 1498 intra
794 1434 965 1496 Thraciam
985 1400 1264 1502 etMacedoniam

220 1534 330 1587 exstat.
362 1520 457 1583 Conf.
477 1518 667 1605 Popponem
685 1523 708 1582 1.
728 1544 756 1586 c.
773 1544 806 1603 p.
826 1516 898 1587 376.
915 1541 984 1600 seq.

304 1679 335 1718 ν.
356 1647 428 1715 464.
471 1652 554 1713 Nam
577 1656 747 1714 commissa
770 1663 819 1712 est
837 1674 946 1735 pugna
971 1650 1150 1715 Salaminia
1177 1662 1265 1720 circa

219 1742 293 1801 XX.
318 1740 405 1799 diem
428 1738 679 1808 Boidromionis,
703 1741 824 1797 mensis
845 1742 935 1799 tertii
955 1743 1081 1814 aestivi,
1109 1743 1199 1819 quod
1227 1767 1265 1804 ex

218 1823 394 1887 Plutarcho
415 1826 452 1881 iu
471 1822 622 1895 Camillo,
644 1832 677 1883 et
699 1821 856 1883 Herodoti
875 1820 935 1887 lib.
948 1823 1039 1885 VlII.
1061 1845 1089 1884 c.
1103 1824 1173 1888 109.
1199 1830 1263 1889 col-

218 1911 279 1990 ligi
304 1918 421 1990 potest.

303 2054 333 2095 v.
352 2026 425 2092 466.
475 2032 659 2109 Utrumque
688 2031 785 2090 licuit
814 2035 954 2111 tragicis,
974 2026 1072 2111 εὔχετο
1101 2045 1136 2093 et
1156 2032 1254 2113 ηὔχετο
1335 2024 1336 2041 ³

221 2118 338 2179 dicere.
370 2115 420 2175 ef.
448 2113 680 2177 schneiderum
707 2116 760 2174 De
790 2114 866 2176 dial.
890 2116 987 2197 Soph.
1007 2139 1040 2199 p.
1066 2117 1114 2177 10.
1153 2120 1249 2200 Quare
1334 2080 1337 2181 l

218 2203 274 2262 hic
296 2203 337 2262 ob
359 2204 491 2261 testium
515 2200 750 2259 dissensionem
780 2210 887 2259 utrum
911 2201 1133 2261 reducendum
1161 2207 1255 2263 ambi·

219 2303 318 2368 guum
339 2295 397 2346 est.
441 2280 594 2344 Attamen
620 2283 723 2344 donec
753 2303 821 2343 non
846 2285 955 2365 plures
985 2287 1138 2346 lectionis
1164 2286 1259 2368 εὔχετο

220 2381 365 2431 auctores
385 2372 605 2441 inveniantur,
626 2369 761 2449 plurimi
781 2371 868 2427 enirn
894 2370 972 2429 libri
993 2370 1025 2431 h.
1046 2373 1069 2432 l.
1093 2368 1198 2452 ηὔχετο
1214 2396 1262 2434 er·

218 2455 332 2515 hibere
351 2453 515 2523 videntur,
534 2463 742 2534 augmentum
761 2445 949 2514 retinemus.

301 2577 429 2654 13467·
473 2584 634 2657 „coelum
663 2596 697 2644 et
724 2585 858 2644 Terram
880 2584 1065 2664 divinorum
1088 2595 1265 2652 numinum

219 2675 256 2732 ln
277 2670 348 2731 loco
372 2681 405 2730 et
427 2689 561 2730 numero
581 2668 767 2730 habuerunt
785 2669 915 2748 Persae3
938 2672 1080 2744 Coelum,
1100 2685 1138 2734 ut
1159 2675 1266 2736 Hero·

220 2756 295 2815 doto
321 2755 438 2836 placet,
468 2755 528 2813 sub
560 2757 694 2812 nomine
721 2746 793 2820 Διὸς
822 2753 880 2812 lib.
902 2755 929 2820 Ι.
958 2753 1032 2816 131ε
1063 2754 1101 2816 Oi
1123 2752 1156 2816 δὲ
1180 2759 1268 2837 νομί-

219 2835 302 2909 ζουσι
335 2829 389 2895 Διῒ
406 2831 458 2916 μὲν
481 2833 531 2895 ἐπὶ
553 2831 593 2895 τὰ
623 2827 803 2913 ὑψηλότατα
824 2838 885 2895 τῶν
911 2832 1026 2918 οὐρέων
1052 2836 1268 2924 ἀναβαίνοντες

217 2920 328 2988 θυσίας
353 2915 452 2999 ἕρδειν,
481 2915 535 2979 τὸν
555 2912 663 2977 κύκλον
691 2913 790 2978 πάντα
809 2922 867 2980 τοῦ
896 2918 1031 3004 οὐρανοῦ
1054 2925 1115 2983 Δία
1136 2922 1270 2988 καλέον-

217 3021 271 3073 τες.
293 3004 405 3064 Strabo
428 3005 487 3064 lib.
509 3003 581 3065 XV.
607 2998 671 3061 Τὸν
692 2998 823 3082 οὐρανὸν
841 2999 997 3084 ἡγούμενοι
1018 3007 1086 3067 Δία.
1125 3012 1270 3073 Terram

100 3154 102 3160 ¹
218 3088 515 3166 etiamPersarum
543 3088 616 3146 Diis
643 3083 859 3149 annumerant
883 3091 1075 3163 Herodotus,
1104 3094 1269 3157 Strabol

218 3195 245 3234 c.
273 3182 307 3232 et
333 3171 498 3253 Diogenes
530 3171 678 3232 Laertius
709 3176 746 3232 in
772 3173 951 3247 Prooemio,
981 3181 1034 3238 cui
1054 3189 1103 3239 ¹et
1136 3179 1269 3242 hostias

216 3267 371 3316 namtas
400 3256 481 3315 dicit
507 3254 703 3335 Xenophon,
731 3257 847 3338 Cyrop.
867 3258 926 3317 lib.
949 3258 1005 3320 8ss
1048 3261 1141 3341 Quae
1165 3264 1270 3326 docte

217 3340 351 3419 quidem
387 3344 557 3401 annotavit
590 3340 769 3410 Stanleius,
810 3346 982 3422 opinemur
1017 3356 1129 3406 tamen
1162 3370 1269 3410 voces

214 3429 305 3496 γαῖαν
325 3418 456 3502 οὐρανόν
473 3442 506 3482 τε
523 3427 698 3503 προσκννιῖν
725 3427 762 3483 iu
787 3428 976 3506 proverbiis.
994 3449 1063 3490 esse
1083 3451 1270 3493 numeran-

215 3507 283 3578 das,
303 3513 423 3589 pariter
443 3530 479 3569 ac
499 3528 559 3569 nos
580 3506 731 3566 dicimusz
774 3510 870 3579 „Erd'
899 3512 965 3574 und
988 3513 1136 3574 Himmel
1158 3519 1271 3582 ausse-

214 3588 313 3661 hen“,
334 3597 380 3652 ita
403 3604 440 3653 ut
456 3593 510 3653 hic
533 3591 573 3652 da
594 3589 762 3652 Persarum
789 3593 850 3653 diis
871 3599 1180 3678 cogitasselpoetam
1211 3606 1271 3663 vix

198 3739 200 3746 Ι
216 3674 453 3738 crediderimus.

294 3817 326 3862 ν.
347 3793 422 3860 468.
460 3803 515 3862 De
535 3822 616 3864 voce
634 3795 806 3863 morionis
828 3806 962 3867 consule
982 3807 1099 3873 Ehnsl.
1131 3809 1174 3871 ad
1191 3810 1270 3871 Eu·
1327 3802 1329 3902 s

212 3886 273 3964 rip.
297 3882 389 3945 Med.
410 3879 482 3944 204.
504 3906 537 3967 13.
561 3885 631 3956 too,
650 3886 702 3948 ed.
722 3887 811 3970 Lips.
1327 3909 1328 3930 ¹
