2717 4600
616 138 890 203 ..190-

230 306 345 390 ροῦσαν
371 298 427 366 τὸν
455 295 531 366 levir
551 298 682 366 ἅπαντα.
703 299 751 367 Ἢ
770 298 944 385 αὐγάζοντα
970 301 1023 364 καὶ
1044 298 1171 387 ὁρῶντα.
1210 305 1265 368 Aa·

229 413 294 473 que
315 400 480 461 „sanctus
497 410 608 471 purus,
624 390 834 472 praeclarus“
863 399 955 450 notat
971 384 1086 468 εὐαγής,
1117 395 1194 469 quia
1212 391 1266 453 de-

228 483 354 536 rivatur
382 477 421 534 ab
449 468 532 545 ἄγος.
571 474 654 534 Inde
681 496 713 536 v.
736 497 763 536 c.
789 464 1028 557 πύργος,εὐαγὴς
1054 485 1103 534 est
1131 480 1224 535 turris
1246 497 1266 536 e

199 604 202 611 ,
228 563 412 638 longinquo
434 563 617 639 conspicua.
649 559 770 620 Confer
789 561 901 642 Eurip.
933 558 1044 640 Suppl
1063 556 1135 620 652.
1178 559 1268 620 Idem

229 646 318 706 valet
344 640 417 721 ἕδρα
438 638 555 719 εὐαγής,
582 661 667 722 quae
690 666 765 704 cum
792 646 833 704 ab
856 665 895 704 ea
922 642 1019 723 longe
1047 644 1179 722 lateque
1198 666 1269 725 pro-

229 733 311 810 spici
328 731 442 809 possit,
462 727 556 787 sedes
581 739 639 802 est,
664 751 683 790 e
705 749 771 808 qua
792 739 895 788 totum
909 731 1066 808 prospicis
1087 733 1268 791 exercitum.

313 867 342 906 v.
363 838 435 905 435.
476 838 614 924 »ὑψηλὸν
634 839 730 923 ὄχθον
751 845 973 927 explicationis
998 866 1094 905 eausa
1111 846 1269 907 vocabulo

227 925 318 1012 ἕδραν
338 940 556 1010 apponuntur,
575 929 722 1010 adeoque
742 924 832 1008 ἕδραν
851 951 918 989 non
937 927 1045 991 sellam
1069 933 1171 1011 ipsam
1191 931 1272 992 Xer·

229 1022 286 1089 xis,
307 1025 344 1073 ut
362 1012 525 1073 Stanleius
548 1018 718 1084 existimat,
747 1014 805 1074 sed
826 1018 1005 1094 generatim
1024 1012 1123 1073 sedem
1146 1008 1271 1074 notat‚“

229 1102 396 1160 Hactenus
418 1097 616 1159 Schuetzius.
666 1099 785 1160 Verum
804 1109 873 1159 tota
893 1096 1018 1180 phrasis
1046 1092 1136 1179 ἕδραν
1159 1093 1271 1168 παντὸς

230 1180 322 1262 εὐαγῆ
343 1183 477 1262 στρατοῦ
498 1203 517 1241 e
537 1184 672 1269 vocibus
693 1175 812 1261 ὑψηλὸν
832 1178 928 1262 ὄχθον
945 1184 1053 1264 lucem
1072 1183 1270 1281 adipiscitur.

229 1266 337 1348 Atque
358 1259 476 1344 ὑψηλὸν
496 1261 592 1344 ὄχθον
603 1267 754 1349 intellige
772 1287 841 1327 esse
858 1259 1101 1343 τὸνΑἶγιάλεαν,
1120 1287 1160 1336 ως
1174 1261 1272 1349 Ἡρό-

229 1348 321 1421 dorae
341 1349 439 1429 φησίν.
481 1350 531 1411 Ea
553 1352 651 1411 verba
677 1362 755 1410 sunt
777 1351 978 1412 scholiastae
999 1350 1037 1412 B;

278 1524 282 1531 .
312 1491 345 1531 v.
366 1463 442 1534 4371
481 1461 1273 1550 ,,παραγγει’λαςεοί1.τὴνφαγὴνααοᾶαεθααοη-
1323 1484 1324 1527 1

140 1592 146 1600 -
228 1557 317 1616 tibus
340 1553 584 1634 anticipandum
598 1560 682 1612 est.“
699 1550 898 1613 Schuetzius.
918 1554 1091 1613 Consentit
1108 1551 1216 1612 schol.
1230 1550 1268 1615 A.

218 1633 523 1800 {dagsilaellafmm
542 1630 745 1715 παραγγείλας
772 1632 825 1695 καὶ
846 1629 1137 1719 συμβουλευσάμενος
1158 1630 1271 1716 δηλαδὴ

200 1840 209 1849 ’
296 1850 343 1902 ‘n
363 1831 436 1900 438.
480 1838 526 1897 In*
544 1839 696 1898 omnibus
717 1859 822 1919 paene
844 1826 947 1897 libris
967 1846 1001 1896 et
1019 1836 1126 1899 Schol.
1149 1838 1188 1897 B.
1207 1832 1266 1916 ἤιξ’

228 1924 386 2009 proditur.
427 1922 599 1983 Piersonus
626 1943 703 1984 vero
731 1921 771 1982 ad
800 1921 934 1983 Moerin
963 1943 996 2003 p.
1021 1920 1094 1983 301.
1117 1927 1265 2001 quoniam

229 2006 326 2070 αἴσσω
354 2006 410 2069 vel
436 2004 522 2066 ἅσσα
557 2026 684 2088 semper
721 2005 806 2087 apud
835 2003 958 2067 Atticos
996 2005 1187 2085 disyllabum
1212 2012 1260 2082 sit,

228 2091 451 2176 corrigendum
482 2096 633 2173 opinatur
655 2086 761 2166 ἔπτηξ’
785 2091 843 2151 'vol
869 2085 973 2168 ἄραξ’.
1032 2090 1099 2150 Alii
1129 2113 1195 2151 cum
1219 2093 1257 2150 ab

231 2183 299 2240 eius
322 2181 522 2238 correctione
540 2179 657 2235 morito
680 2174 902 2245 abhorrerent,
927 2195 988 2235 neo
1009 2195 1087 2236 vero
1108 2177 1263 2256 vulgatam

231 2264 488 2345 comprobarent,
511 2259 553 2321 ad
574 2258 709 2320 alteram
729 2259 905 2322 lectionem
924 2253 1001 2338 ἴυγγ’,
1026 2279 1127 2338 quam
1148 2265 1186 2319 in
1204 2253 1267 2338 ‘ipo'

229 2348 442 2420 refluxerunt,
474 2344 701 2425 confugerunt.
761 2344 859 2445 Quod
884 2345 993 2405 fecere
1023 2345 1205 2404 Brunckius
1239 2356 1270 2406 et

228 2430 463 2495 Blomfieldiua.
484 2429 635 2490 Butlerus
656 2437 712 2488 aut
727 2426 780 2505 ἵησ
813 2439 870 2488 aut
886 2427 1031 2492 Piersoni
1052 2434 1271 2508 conjecturam
1323 2455 1324 2464 ¹

228 2528 393 2597 receptam
413 2515 494 2577 vult.
534 2511 577 2572 At
598 2533 667 2573 non
686 2512 841 2574 viderant
861 2513 1009 2588 editores,
1030 2518 1188 2592 quoniam
1209 2525 1270 2573 tra-
1323 2543 1324 2546 ¹

229 2606 296 2683 gioi
319 2605 355 2660 in
377 2598 618 2659 narrationibus
637 2599 811 2678 praecipue
829 2616 1012 2658 sermonem
1044 2597 1085 2657 ad
1106 2602 1273 2679 epicorum

162 2749 166 2756 ,
229 2705 375 2747 normam
402 2683 609 2743 *conformare
633 2681 724 2741 soliti
758 2690 845 2749 suni,
871 2676 935 2761 ἤιξ’
967 2686 1101 2742 omnino
1125 2687 1275 2742 retinen·

229 2757 308 2831 dum
330 2787 411 2829 esse.
453 2767 562 2847 Quare
587 2775 676 2825 recte
693 2763 882 2824 Schuetzius
910 2777 944 2826 et
972 2764 1142 2835 Personas,
1171 2775 1273 2845 quem

229 2855 307 2917 vide
328 2851 481 2912 etiamad
497 2846 636 2909 Heclii.
654 2850 818 2927 vrrlgatam
830 2850 968 2931 amplexi
985 2861 1072 2920 sunt,
1094 2862 1182 2911 recte
1204 2846 1276 2909 ἀΐσ-

231 2937 290 2998 otti
319 2934 466 2996 defendit
493 2931 655 2993 Seidlerus
681 2933 734 2992 De
760 2953 843 2994 vers.
866 2933 994 2994 dochm.
1022 2957 1055 3017 p.
1078 2935 1130 2996 20.
1169 2946 1206 2994 et
1234 2934 1276 2995 ad

225 3024 339 3102 Eurip.
359 3021 435 3079 Tro.
461 3014 531 3084 iil,
555 3018 675 3076 Contra
699 3020 727 3075 si
748 3011 813 3093 ἵησ>
834 3018 931 3098 legas,
952 3041 1065 3078 sensus
1083 3019 1277 3101 pessumde-

226 3120 280 3167 tur
298 3107 375 3164 loci.
416 3103 560 3183 Recepto
581 3105 670 3161 enim
692 3095 757 3179 't'qo'
786 3102 885 3163 verba
903 3098 1029 3180 ἀκόσμῳ
1053 3099 1104 3174 ξὺν
1125 3106 1210 3191 φυγῇ
1235 3102 1276 3162 ad

229 3194 401 3252 exercitum
422 3186 509 3245 trabi
529 3186 660 3255 debent,
687 3207 762 3246 cum
782 3190 891 3267 potins
915 3187 955 3247 ad
975 3187 1112 3247 Xerxem
1130 3191 1203 3247 sint
1226 3209 1277 3247 re-

226 3274 373 3336 ferenda.
416 3269 531 3349 Neque
554 3271 680 3330 dubites
700 3264 766 3347 lqo'
786 3274 883 3330 errori
906 3270 1024 3330 calami
1042 3275 1203 3352 originem
1220 3272 1277 3332 de·

228 3362 317 3421 bere.
355 3356 491 3418 Scilicet
515 3357 670 3414 correctio
693 3366 743 3414 est
773 3376 810 3415 ex
835 3349 906 3433 ἴηξ’,
935 3355 1023 3434 quod
1047 3377 1107 3437 per
1124 3376 1279 3436 pronun·

228 3449 400 3505 tiationem
420 3439 695 3500 Reuch'linienam
721 3460 759 3499 ex
778 3435 842 3511 ἤιξ’
867 3450 1053 3521 corruptum
1074 3461 1144 3500 esse
1165 3451 1278 3522 patet.

256 3587 262 3594 ·
310 3582 343 3623 ν.
363 3552 434 3620 iil).
472 3555 647 3616 'Rariorem
666 3547 809 3619 vocativi
826 3551 1106 3635 formam'iat'per,
1124 3577 1218 3636 quae
1240 3563 1282 3636 in

227 3644 334 3705 Schol.
363 3642 400 3705 A.
431 3642 623 3723 duobusque
652 3638 744 3701 eodd.
776 3646 924 3713 occurrit,
949 3641 1166 3704 revocandam
1200 3640 1282 3705 esse

227 3748 421 3792 censurmus.

260 3823 269 3836 x
308 3866 341 3910 r.
361 3835 432 3908 iil.
474 3842 658 3914 „Stanleiue
679 3841 825 3926 τιμωρίαν
842 3841 996 3942 ultionem,
1024 3846 1155 3927 passive
1186 3849 1284 3908 acci·
