2717 4600
608 152 878 232 ..163-

223 352 274 404 ter
291 343 494 426 explicemue.
535 344 711 425 Epicorum
732 364 834 415 mora,
853 361 953 422 quem
971 342 1087 421 tragici
1106 344 1143 401 in
1162 339 1265 421 pluri·

224 429 287 490 bna
304 429 411 505 rebua,
431 431 626 510 aaepiusque
645 448 746 507 quam
762 428 932 506 bucusque
952 425 1123 496 oredimus,
1142 428 1265 485 imitati

225 522 314 583 aunt,
334 533 403 574 non
423 512 529 575 solum
544 516 582 571 in
602 516 791 572 nuntiorum
812 511 1064 579 narrationibus,
1088 508 1147 570 sed
1164 513 1266 568 etiem

225 599 264 656 in
290 594 455 668 diverbiie,
487 596 567 657 licet
595 600 709 671 rarius,
749 596 931 677 neglectum
961 603 1011 654 eat
1039 595 1265 673 ‘augmentum

225 690 323 762 prout
332 686 492 757 ¹saeviter,
513 680 706 754 sublimitas,
733 690 789 740 eut
808 681 872 739 alia
890 681 974 739 ratio
1001 682 1130 760 poetica
1151 676 1267 737 suade·

226 764 294 826 bat.
337 763 453 845 itaque
471 763 559 843 quod
571 772 684 846 poetes
699 768 826 835 attinet,
847 783 916 824 non
935 765 1119 843 promiscua
1136 765 1177 821 iia
1198 769 1267 820 eret

228 846 383 908 dometio
402 859 502 927 atque
523 847 673 929 adjectio,
700 858 814 928 utpote
839 851 899 926 qni
924 850 962 909 iu
986 849 1050 906 iate
1074 865 1111 905 re
1134 864 1267 909 sensum

228 949 325 991 suum
345 941 379 991 et
399 936 557 1011 oninique
583 933 650 994 loci
671 943 821 993 naturam
847 935 1075 1010 rationemque
1101 929 1269 990 habebant

229 1013 338 1078 ducet.
379 1016 480 1077 Nobis
500 1036 576 1078 vero
604 1022 755 1096 quamvis
782 1016 842 1077 illo
863 1034 963 1076 aenan
991 1026 1028 1074 ut
1045 1017 1111 1096 ipsi
1137 1015 1268 1072 imbue·

99 1132 102 1141 .
228 1117 303 1157 mur
329 1097 574 1160 allaborendum
602 1105 656 1172 eit,
686 1103 752 1161 nisi
779 1112 817 1161 ut
835 1104 900 1182 ipei
919 1098 1036 1158 flamna
1059 1101 1116 1158 isti
1141 1094 1268 1179 poetae,

229 1180 285 1242 vel
306 1201 419 1241 eorum
439 1188 584 1245 animum
609 1195 643 1245 et
663 1183 810 1244 indolem
835 1184 877 1243 ad
903 1202 1045 1262 unguem
1073 1182 1270 1263 exploratam

229 1262 407 1325 habeamua
425 1271 602 1347 contingat,
624 1267 757 1347 qnando
784 1271 821 1327 in
847 1267 992 1347 singulos
1018 1268 1197 1345 inquiritur
1222 1266 1271 1325 lo·

231 1368 298 1419 oos,
316 1354 497 1430 promiscue
516 1350 646 1412 videtur
659 1351 720 1410 illa
737 1350 893 1411 detractio
905 1361 1003 1428 etque
1016 1350 1163 1429 adjectior
1194 1348 1272 1409 Ete-

231 1436 302 1491 nim
323 1454 397 1492 cum
416 1444 533 1515 poetae
551 1433 659 1495 nullae
680 1434 779 1494 huius
796 1439 846 1495 rei
866 1434 992 1514 regulae
1013 1433 1146 1493 traditas
1166 1437 1273 1493 secuti

232 1519 309 1590 rint,
326 1516 385 1581 sed
405 1537 463 1599 pro
482 1537 541 1576 ene
560 1521 702 1597 quisque
721 1518 834 1579 indole
852 1516 1095 1588 confortamini,
1114 1521 1274 1596 quoniam

233 1618 308 1659 cum
326 1597 496 1661 bominum
509 1611 580 1660 tum
594 1613 763 1682 poetarum
776 1602 895 1664 diversi
912 1612 988 1661 sunt
1000 1605 1112 1670 enimi,
1127 1605 1188 1679 qui
1205 1622 1274 1662 non
1338 1620 1339 1625 ¹

232 1703 305 1744 raro
326 1704 440 1766 magno
464 1705 518 1745 ere
541 1705 560 1746 e
580 1706 616 1747 se
635 1685 841 1757 abhorreant,
866 1690 903 1744 in
928 1685 1064 1766 singulis
1088 1685 1169 1744 locis
1199 1706 1274 1766 eug·

233 1776 384 1839 mentum
412 1767 640 1829 edendumno
668 1769 772 1830 fuerit
794 1790 837 1830 an
866 1769 1086 1849 abjiciendum
1115 1789 1274 1850 saepenu-

233 1870 325 1911 mero
346 1871 414 1912 non
435 1863 503 1912 tam
521 1851 661 1932 judicari
688 1875 726 1913 ao
746 1853 967 1929 domomum,
991 1874 1091 1932 quam
1110 1865 1222 1913 menta
1241 1863 1275 1913 et

235 1937 346 1995 animo
370 1939 495 2017 percipi
520 1946 555 1996 et
573 1941 689 1998 eentiri
714 1949 831 2019 potest.
875 1938 994 2016 Itaque
1022 1939 1117 1998 nobis
1141 1937 1272 2016 quidem

234 2027 305 2078 tota
323 2039 375 2079 res
395 2040 462 2080 non
493 2040 532 2079 ex
547 2021 666 2101 regulis
687 2021 882 2100 quibusdem
907 2021 1127 2103 dijudicanda,
1147 2022 1202 2081 sed
1234 2043 1270 2080 ex

236 2105 340 2182 copiis
354 2107 570 2184 experientiae
602 2102 779 2166 haurienda
806 2118 865 2167 eet.
911 2107 1006 2187 Quae
1023 2127 1098 2166 cum
1124 2110 1170 2165 ita
1191 2109 1265 2174 sint,

235 2185 317 2264 quid
338 2186 479 2248 offiarant
496 2186 636 2260 codices,
655 2189 801 2269 quidque
822 2194 860 2249 in
873 2201 996 2251 textum
1013 2193 1115 2271 reeipi
1128 2191 1269 2271 jubeant,

236 2288 316 2351 pree
341 2275 458 2332 ceteris
486 2271 735 2352 diligentissime
761 2294 953 2354 summeque
983 2275 1141 2356 religione
1170 2273 1274 2356 expio·

235 2357 303 2414 rari
326 2353 433 2415 debet.
480 2355 573 2427 Sunt,
603 2368 763 2436 quantum
789 2359 948 2428 videmus,
974 2363 1013 2418 in
1032 2361 1138 2419 Persis
1156 2380 1275 2420 noveni

238 2442 404 2517 augmenti
423 2440 564 2519 neglecti
583 2442 743 2522 exemplar
764 2460 796 2503 v.
816 2440 886 2508 160.
906 2436 1025 2503 dinoot.
1046 2437 1277 2525 278.xdpaooor.

238 2519 311 2581 281.
337 2519 439 2583 πέσον.
479 2516 552 2584 344.
576 2527 731 2605 remmom
765 2519 836 2586 384.
857 2520 992 2588 παίοντ’.
1028 2520 1101 2589 426.
1121 2522 1278 2588 αωκλοῦτο.

238 2596 312 2666 468.
334 2599 440 2667 θάνον.
461 2599 533 2672 liii.
553 2612 672 2667 πῖπτον.
692 2601 764 2674 647.
784 2603 905 2688 τάχυνα.
924 2611 953 2670 Ε
972 2612 1092 2690 quibua
1113 2632 1158 2673 ne
1175 2633 1279 2672 unum

239 2687 373 2767 quidem
399 2711 479 2752 cave
505 2691 693 2772 corrigendo
717 2692 882 2774 depraves.
931 2696 985 2755 De
1011 2694 1135 2757 duobus
1164 2700 1281 2777 priori-

238 2772 301 2836 bur
325 2794 422 2855 supra
440 2780 507 2855 jem
532 2777 675 2838 breviter
700 2782 912 2857 exposuimus.
956 2778 1048 2840 Infra
1072 2780 1115 2841 de
1141 2782 1279 2859 reliquie

239 2876 344 2937 pauca
379 2856 614 2939 adspergemue.
679 2861 798 2921 Fusius
829 2862 870 2922 de
905 2867 1072 2943 augmenti
1103 2868 1281 2925 omissione

240 2938 475 3000 disseruerunt.
496 2941 884 3013 Seidlerus,Hermannue
897 2952 934 3010 in
948 2947 1053 3010 Elem.
1067 2946 1168 3013 doctr.
1185 2959 1278 3009 metr.

240 3040 274 3101 p.
295 3017 333 3081 51
356 3042 425 3101 aeq.
447 3044 480 3105 p.
503 3023 571 3085 121.
594 3027 680 3108 Epit.
700 3027 799 3091 doetr.
823 3043 916 3091 metr.
937 3054 970 3114 p.
983 3030 1035 3093 33.
1058 3053 1089 3113 p.
1100 3027 1152 3097 59.
1175 3030 1280 3092 Praef.

242 3102 283 3164 td
302 3105 338 3167 B.
358 3106 479 3188 Reisig.
502 3112 538 3168 in
557 3111 651 3191 Conj.
675 3110 838 3196 Arietopb.
859 3117 886 3176 I.
908 3137 941 3197 p.
966 3111 1007 3183 78
1028 3138 1097 3195 seq.
1120 3128 1153 3176 et
1174 3116 1282 3175 Elms·

240 3186 325 3248 leiue
352 3189 393 3249 ed
419 3191 495 3251 Eur.
521 3193 558 3254 B.
586 3215 618 3257 v.
642 3194 725 3257 1132
755 3210 789 3258 et
817 3198 858 3259 ad
889 3199 970 3260 Oed.
1002 3201 1038 3259 C.
1058 3222 1091 3281 p.
1114 3198 1186 3261 300.
1209 3198 1281 3260 323.

240 3263 315 3335 324.
336 3268 418 3334 325:
430 3275 480 3336 Cf.
498 3289 664 3358 praeterea
687 3278 922 3346 Schneiderum
943 3285 996 3343 De
1017 3284 1093 3348 dial.
1113 3306 1146 3365 p.
1169 3278 1222 3344 24.
1230 3281 1281 3356 25.

240 3386 285 3402 -·
303 3356 382 3416 Post
401 3353 495 3418 πέσον
516 3360 714 3423 editionibus
733 3370 897 3428 veteribus
917 3367 1170 3450 suffragantibus
1183 3373 1284 3428 mexi-

241 3459 329 3499 mem
350 3444 622 3524 interpunctionis
641 3459 752 3506 notam
773 3450 960 3530 adjecimus.

325 3586 358 3627 v.
378 3565 449 3627 282.
492 3569 555 3638 „In
583 3568 650 3632 MS.
673 3570 752 3676 Rep.
783 3575 821 3635 B.
857 3575 1035 3639 scholium:
1071 3573 1088 3637 ὃ
1115 3572 1285 3648 Μέταλλος

236 3638 343 3728 ’Ἄραψ
363 3637 407 3725 ἦν,
428 3645 480 3709 καὶ
499 3647 551 3710 διὰ
571 3655 663 3712 τοῦτο
686 3675 738 3714 και
757 3654 812 3730 τὴν
830 3654 969 3736 μελαιναν
988 3661 1085 3722 ἵππον
1103 3655 1185 3741 εἶχέ(
1230 3663 1285 3723 Ite

243 3728 431 3795 Brunckiue.
455 3734 588 3814 Exque
610 3735 734 3800 scholio
756 3748 912 3821 sequitur,
932 3746 1110 3825 Chryseum
1133 3768 1205 3808 esse
1224 3769 1286 3807 no·

243 3832 321 3877 men
340 3820 515 3898 preprium,
535 3840 579 3883 se.
601 3823 990 3910 secundum'Scholiastee
1011 3834 1210 3914 opinionem.
1241 3828 1288 3891 At
