2717 4600
752 830 763 859 ἵ
830 846 848 877 a

307 1096 310 1099 Ι
345 992 642 1121 ruarmo
674 990 985 1121 romonum
1063 988 1067 999 '

391 1228 402 1241 .
516 1212 807 1243 --·-n·-···-··

142 1396 269 1570 Quid
299 1451 351 1529 sit,
385 1442 477 1538 quod
507 1472 570 1516 nos
598 1451 641 1521 ad
669 1449 913 1538 suscipiendam
940 1466 1064 1539 novam
1095 1445 1184 1513 hanc

142 1570 320 1634 Persarum
341 1566 496 1657 Auchyli
519 1551 710 1649 editionem
722 1564 935 1656 permoverit,
949 1588 992 1631 eo
1010 1566 1114 1651 magis
1135 1564 1187 1630 exss

144 1682 341 1772 ponendum
370 1692 438 1749 esse
460 1676 614 1766 ridetur,
652 1708 719 1774 quo
753 1682 997 1775 frequentiores
1029 1682 1186 1748 exsistunt

143 1800 254 1881 hodie,
276 1802 333 1890 qui
346 1825 492 1897 ¹operam
513 1825 608 1868 suam
630 1803 738 1868 eidem
755 1813 876 1890 poetae
896 1810 1028 1866 navant.
1056 1802 1109 1866 Ne
1131 1800 1188 1888 igi·

141 1931 206 1999 tur,
234 1921 326 2007 quod
344 1915 524 1999 interdurn,
546 1921 742 2009 praesertim
763 1921 797 1985 'm
818 1918 884 1987 hac
906 1916 1106 1984 fertilissima
1126 1940 1187 1984 no·

142 2056 264 2102 vorum
291 2037 456 2133 librorum
486 2036 664 2131 quotann'n
681 2036 953 2125 provenientium
981 2056 1097 2116 messe,
1125 2059 1187 2103 usu

0 2147 3 2160 ’
97 2136 104 2151 ’
139 2154 256 2221 venire
285 2155 380 2234 solet,
403 2154 608 2243 praejudicio
636 2155 785 2242 quodam
811 2154 977 2219 lectorum
1000 2174 1101 2241 opera
1127 2175 1188 2222 no·

144 2283 212 2338 stra
241 2281 405 2359 tanquam
433 2293 676 2359 supervacanea
702 2270 755 2335 vel
780 2269 905 2334 inutilis
926 2271 1111 2350 damnetur,
1140 2296 1189 2340 se-
1258 2335 1263 2348 ,

144 2389 225 2454 dulo
243 2381 444 2453 ‘cavendum'
460 2388 622 2454 duximus.
668 2385 786 2479 Quum
806 2385 911 2458 „enim”
929 2389 1101 2452 communi
1122 2400 1189 2454 stu·

144 2506 198 2572 dio
220 2479 368 2593 iamper
395 2503 506 2592 plures
534 2527 640 2569 annos
662 2502 828 2593 Aeschylo
858 2502 976 2567 intenti
1002 2506 1188 2591 permultos

143 2623 265 2690 summi
286 2621 383 2703 hujus
403 2634 524 2709 poetae
544 2623 639 2688 locos
660 2621 783 2688 rectius
812 2618 1013 2698 intellexisse,
1041 2625 1188 2708 permul-

143 2751 195 2807 tos
214 2765 233 2805 a
253 2740 395 2805 librariis
416 2740 613 2828 depravatos
642 2739 804 2829 genuinae
825 2761 973 2828 suaeque
988 2738 1119 2806 formae
1137 2765 1188 2809 re·

145 2833 296 2936 stituisse,
314 2880 378 2924 nee
398 2881 469 2922 non
490 2837 597 2923 metra
620 2856 810 2923 carminum
830 2855 1046 2923 choricorum
1066 2859 1188 2945 proba-

145 2973 256 3048 biliter
279 2974 476 3061 disposuisse
502 2986 537 3041 et
563 2975 733 3041 ordinasse
761 2972 859 3039 nobis
887 2971 1083 3054 videremur,
1110 2976 1187 3042 sub·

145 3103 263 3158 natum
279 3089 379 3158 nobis
402 3105 449 3159 est
471 3093 654 3170 eonsilium,
676 3103 785 3172 ntea,
808 3111 893 3179 quae
918 3089 1015 3155 nobis
1036 3091 1113 3178 ipsis
1136 3115 1187 3157 er·

144 3187 292 3274 risissent
314 3209 497 3298 quibusque
519 3233 583 3296 nos
600 3209 754 3275 delectati
775 3230 929 3282 essemus,
946 3207 1082 3295 publico
1105 3227 1186 3297 quo-

145 3350 210 3416 que
238 3307 447 3391 eiuditorum
480 3327 604 3410 iudicio
630 3323 874 3410 subjiceremus.
928 3324 1016 3410 'Quo
1046 3325 1184 3414 consilio

146 3443 268 3508 diutius
285 3444 351 3523 jam
373 3469 391 3509 a
414 3441 520 3525 nobis,
543 3445 609 3512 huc
630 3444 706 3511 illuc
729 3443 840 3509 animo
861 3439 1104 3526 inclinanfibus,
1121 3442 1186 3531 agi-

146 3571 226 3640 tato,
247 3543 352 3649 quum
372 3562 413 3626 ab
435 3585 475 3627 eo
496 3561 906 3651 perficiendo'deterreret
928 3580 990 3628 uos
1018 3559 1060 3623 ab
1082 3558 1184 3625 altera

1 3690 45 3728 ⁴·-
146 3688 241 3766 parte
263 3680 365 3744 ardua
383 3679 431 3744 rei
453 3677 626 3754 difficultas
638 3689 837 3767 nostraeque
853 3675 1085 3746 imbecillitatis
1106 3697 1185 3743 cm·

147 3795 291 3875 scientia,
316 3796 358 3861 ab
387 3797 490 3864 altera
519 3796 568 3864 vir
595 3796 648 3863 ille
673 3819 832 3876 summus,
861 3817 881 3862 a
912 3771 1004 3879 eujus
1031 3815 1096 3881 ope
1121 3792 1184 3859 Ae·

2 3557 11 3590 d
