2717 4600
480 210 485 215 .
587 132 666 201 ‘=-·
720 156 886 227 ⁸42-

232 344 305 386 non
323 322 450 405 indiget
465 345 537 391 ree.
577 327 700 397 Veram
714 327 859 406 ,quiden
892 342 944 399 esi
970 333 1094 412 abique
1120 333 1190 397 fere
1213 355 1263 399 ra·

229 416 312 469 riam
332 409 507 470 lectionem
529 415 683 481 inveniri,
704 412 762 473 sed
782 414 871 477 unde
887 438 926 476 ea
945 428 1016 477 orta
1042 422 1087 479 sit
1103 417 1202 479 facile
1219 431 1263 483 eet

230 494 385 557 divinare.
430 489 642 561 Grammatici
661 497 788 559 scilicet
798 518 913 578 puram
930 497 1073 560 Atticam
1093 502 1262 563 dialectum

229 582 418 658 ubicunque
446 598 637 647 conservare
664 579 868 644 studuerunt.
912 586 1031 644 Contra
1057 604 1157 664 quem
1185 609 1263 649 erro·

228 684 394 740 reamque
414 663 567 743 impliciti
584 674 662 733 sunt
681 669 782 747 etiam
796 687 833 727 ex
851 669 1086 735 recentioribus
1104 672 1262 751 permulti,

229 752 355 829 egregie
381 746 560 828 disputavit
587 746 734 829 Theoph.
747 751 828 810 ‘Can
850 752 938 812 Guil.
962 752 1140 819 Schneider
1165 759 1201 814 in
1224 757 1262 816 li-

227 833 316 893 bello
342 844 441 909 quem
468 830 521 889 ‘de'
541 830 678 893 dialecto
708 833 876 914 Sophoclis
909 836 1059 896 confecit.
1110 838 1205 898 Licet
1224 840 1262 900 de

227 916 340 976 formis
362 910 421 973 αἰεὶ
441 924 476 973 et
496 910 543 973 ἀεὶ
565 937 649 996 quae
670 920 737 977 sint
756 938 835 978 vera
856 940 924 979 non
952 920 1149 983 intellexerit
1169 924 1206 985 V.
1223 925 1262 983 D.

227 1002 309 1062 Nam
329 1018 401 1058 raro
423 1003 598 1080 ancipitem
622 1023 693 1061 esse
719 1005 857 1083 primam
872 1008 921 1063 ‘in
948 1000 995 1063 atat
1022 1004 1181 1082 syllabam
1206 1012 1262 1067 im·

141 1151 144 1157 ,
226 1090 343 1147 merito
369 1081 513 1144 Porsono
542 1086 694 1145 concedit
719 1086 929 1148 Hermannus
958 1089 999 1148 ad
1025 1088 1103 1149 Eur.
1136 1090 1260 1151 Hercul

225 1170 288 1230 fur.
309 1191 342 1249 p.
365 1165 396 1229 3.
419 1190 466 1246 sq.
487 1168 611 1229 Melius
635 1170 675 1229 de
694 1171 845 1252 prosodia
867 1173 1010 1233 adverbii
1032 1177 1102 1231 eius
1124 1174 1261 1256 disputa·

224 1261 275 1318 vit
291 1255 499 1314 Hermannus
518 1256 559 1312 in'
576 1252 679 1314 Praei.
704 1254 744 1314 ad
764 1255 845 1325 Hac.
867 1277 898 1337 p.
920 1256 1029 1315 XXII.
1052 1267 1085 1316 et
1103 1260 1139 1315 in
1160 1255 1261 1319 Praei.

226 1340 270 1399 ad'
289 1342 339 1419 Aj.
360 1356 393 1417 p.
412 1334 503 1395 XIX.
519 1369 563 1382 -
602 1338 717 1397 Nostro
737 1337 809 1397 loco
829 1340 993 1420 vulgatam
1021 1336 1080 1398 αἰεὶ
1106 1345 1142 1399 in
1163 1343 1260 1424 pluri·

224 1427 286 1483 mis
304 1423 370 1501 legi
392 1420 484 1485 codd.
505 1432 538 1481 et
559 1420 630 1481 edd.
661 1442 698 1480 er
720 1421 846 1483 Butleri
866 1426 997 1483 silentio
1020 1423 1170 1485 efficitur.
1200 1424 1261 1489 Ad·

223 1506 410 1567 sentiuntur
427 1503 533 1569 Schol.
555 1503 592 1565 A.
617 1506 653 1566 C.
699 1505 772 1587 Quo
791 1506 992 1581 factumest,
1019 1520 1057 1570 ut
1076 1531 1148 1571 eam
1169 1510 1261 1571 redu·

224 1591 360 1653 cendam
382 1586 610 1670 judicaremus.

305 1723 338 1761 v.
362 1694 432 1759 150.
473 1695 618 1777 Recepta
645 1697 738 1767 Cant.
762 1694 790 1757 1.
816 1697 974 1762 lectione:
1003 1694 1095 1780 οἴχετ’
1122 1696 1260 1783 ἐκπέρσαι

222 1786 341 1848 melior
366 1783 461 1843 fieret
486 1801 608 1848 versuS,
639 1784 761 1862 quippe
789 1787 848 1860 qui
872 1806 941 1845 non
969 1787 1107 1868 amplius
1131 1790 1169 1846 in
1195 1798 1257 1848 tres

220 1881 333 1955 partes
356 1864 508 1945 aequales
525 1856 651 1926 Ἰαόνων
681 1861 752 1945 Ιγῆν
771 1862 899 1951 otgunt
929 1865 1038 1950 πέρσαι
1069 1863 1170 1930 talou
1197 1868 1257 1931 dis·

219 1946 449 2040 pesci'posset.
490 1948 573 2009 Nam
598 1952 627 2008 si
653 1952 727 2027 quis
752 1954 799 2026 ita
820 1972 951 2013 versum
971 1955 1078 2034 legere
1103 1954 1194 2026 velit,
1222 1966 1257 2015 ut

219 2051 295 2124 post
314 2039 368 2116 γῆν
387 2054 553 2095 caesuram
573 2043 703 2102 statuat,
725 2054 824 2094 nexus
842 2037 1015 2098 verborum
1034 2037 1254 2119 grammaticus

220 2146 295 2189 cum
315 2120 497 2200 rhythmico
520 2112 593 2176 non'
607 2119 808 2180 consonabit.
847 2116 953 2200 Quae
981 2126 1027 2182 sic
1047 2123 1135 2202 lege:
1236 2168 1241 2175 2

221 2270 226 2281 ,
408 2206 534 2275 Ἰαόνων
554 2213 616 2304 νῆνι
636 2207 730 2291 οἴχετ’
753 2209 772 2295 ΙΙ
796 2210 938 2297 ἐκπέρσαι
957 2212 1066 2279 ector.

217 2319 364 2379 Daweeil
384 2317 473 2374 enim
492 2312 601 2389 (Miac.
615 2314 692 2372 orit.
703 2333 746 2393 p.
766 2309 844 2388 266)
865 2326 898 2374 et
917 2313 1077 2374 Erfurdtii
1096 2303 1255 2399 (adSoph.

217 2402 269 2484 Aj.
288 2399 364 2475 190)
386 2398 494 2470 dubia,
518 2394 755 2477 diphthongum
770 2416 802 2456 αι
820 2401 857 2457 in
875 2401 990 2479 primis
1000 2404 1169 2480 tertiisque
1186 2422 1255 2464 ver-

216 2488 334 2547 borum
351 2485 498 2566 personis
518 2491 552 2541 et
572 2483 609 2540 in
628 2485 757 2561 passivo
778 2477 868 2562 apud
891 2487 1027 2562 tragicos
1057 2485 1137 2544 elidi
1156 2507 1256 2565 posse

216 2573 418 2651 negantium,
437 2584 534 2639 ,nunc
558 2569 626 2645 jam
654 2569 818 2624 neminem
850 2569 1062 2630 morabuntur
1093 2570 1257 2648 (alioquin

216 2649 303 2734 ᾤχετ’
323 2651 422 2712 facile
442 2659 529 2711 esset
547 2648 734 2727 conjicere),
763 2669 866 2726 (sarum
894 2659 1003 2716 extent
1027 2656 1163 2713 minime
1189 2675 1257 2713 am·

215 2742 314 2822 bigua
331 2734 429 2795 huius
449 2738 499 2794 rei
520 2731 674 2812 exempla,
698 2743 845 2811 congesta
869 2755 889 2793 a
910 2734 1073 2796 Lobeckio
1102 2736 1143 2797 ad
1158 2737 1256 2820 Soph.

215 2817 266 2905 dj.
287 2844 319 2903 p.
338 2812 411 2879 248.
434 2819 507 2894 (ubi
524 2826 636 2875 tamen
659 2818 697 2873 in
716 2814 805 2875 hunc
831 2839 1002 2878 numerum
1033 2824 1142 2881 minus
1166 2832 1255 2882 recte

214 2907 353 2967 refertur
372 2901 489 2962 Trach.
512 2895 584 2970 216,
606 2918 684 2958 nam
699 2899 775 2958 talis
792 2901 889 2980 lyrici
910 2907 1061 2963 carminis
1079 2909 1183 2985 major
1204 2916 1255 2965 est

214 2996 313 3071 quam
334 2986 454 3066 dialogi
471 2985 617 3048 licentia.
655 2981 751 3064 Quod
772 2987 916 3067 exemplo
936 2991 964 3049 si
977 2991 1046 3050 viro
1068 2988 1254 3048 doctissimo

213 3079 326 3142 eximo,
348 3069 438 3134 aliud
459 3071 495 3129 in
520 3071 588 3128 eius
609 3067 719 3128 locum
740 3067 945 3142 substituam,
968 3069 1062 3173 Soph.
1085 3071 1165 3133 Oed.
1180 3073 1253 3148 Col.

212 3152 275 3219 844
304 3157 362 3216 ubi
389 3154 488 3214 lectio
516 3149 833 3212 Ante-Triclinianaz
867 3149 1006 3233 dipel-nou
1047 3144 1074 3214 ὦ
1099 3151 1255 3233 δύστηνος,

212 3231 238 3301 ὦ
265 3238 351 3314 ξένοι,
381 3234 462 3310 ξένοι
486 3235 688 3296 restituenda
714 3236 786 3312 est).
829 3237 871 3296 In
897 3240 1017 3310 Aesch,
1047 3239 1150 3302 Prom.
1176 3234 1240 3307 837

210 3321 416 3389 Wellauerus
438 3320 533 3394 male,
552 3321 632 3380 licet
652 3339 670 3378 e
688 3320 842 3400 plurimis
857 3322 961 3394 codd„
983 3324 1100 3384 ediditz

355 3411 501 3498 uallouo'
521 3412 658 3476 ἔσεσθαι·
676 3417 738 3476 ταῖν
759 3410 792 3475 δὲ
813 3418 985 3499 προσσαίνει
1005 3415 1042 3480 σε’
1058 3439 1103 3494 τις

210 3519 418 3597 interrogatio
439 3517 528 3576 enim
549 3516 611 3572 ista
632 3516 733 3573 totius
754 3514 820 3576 loci
838 3526 985 3578 tenorem
1016 3521 1157 3597 pessime
1182 3527 1255 3576 tur·

209 3604 279 3663 bet.
319 3598 506 3660 Retinenda
528 3607 635 3656 autem
657 3608 707 3657 est
727 3599 858 3679 vulgata
878 3596 984 3664 ἔσεσθ’
1006 3600 1032 3659 εἰ
1051 3594 1144 3659 τῶνδε
1163 3621 1256 3678 quae
1346 3657 1350 3668 ,

210 3706 289 3750 cum
307 3689 344 3744 in
365 3685 437 3752 aliis
458 3683 555 3742 bonis
575 3680 669 3742 libris
698 3692 770 3741 tum
795 3687 832 3742 in
856 3689 978 3765 optimo
1007 3689 1258 3763 antiquissimo·
1348 3721 1349 3726 κ

211 3790 277 3848 que
298 3755 537 3836 mimeticon
555 3776 717 3840 senatur„
745 3766 952 3829 Ponderandi
972 3790 1040 3831 non
1054 3767 1257 3827 numerandi

210 3862 305 3946 erant
324 3851 403 3922 libri
420 3849 616 3931 Wellauero.
636 3880 680 3928 ··,·
712 3850 893 3918 *Caeterum
914 3864 956 3916 ot
985 3852 1162 3944 adlocuta
1190 3871 1258 3918 no·
